<?xml version="1.0" encoding="UTF-8"?>
<!DOCTYPE html PUBLIC "-//W3C//DTD XHTML 1.0 Transitional//EN"
    "http://www.w3.org/TR/xhtml1/DTD/xhtml1-transitional.dtd">
<html xmlns="http://www.w3.org/1999/xhtml" xml:lang="en" lang="en">
 <head>
  <title>
</title>
<meta http-equiv="Content-Type" content="text/html;charset=utf-8" />
  <meta name='ocr-system' content='tesseract 3.04.00' />
  <meta name='ocr-capabilities' content='ocr_page ocr_carea ocr_par ocr_line ocrx_word'/>
</head>
<body>
  <div class='ocr_page' id='page_1' title='image "./delexfrisionumu00unkngoog_0127.png"; bbox 0 0 3020 5174; ppageno 0'>
   <div class='ocr_carea' id='block_1_1' title="bbox 278 426 1114 514">
    <p class='ocr_par' dir='ltr' id='par_1_1' title="bbox 278 426 1114 514">
     <span class='ocr_line' id='line_1_1' title="bbox 278 426 1114 514; baseline -0.005 -17"><span class='ocrx_word' id='word_1_1' title='bbox 278 431 320 497; x_wconf 80' lang='grc'>68</span> <span class='ocrx_word' id='word_1_2' title='bbox 478 428 508 494; x_wconf 83' lang='grc' dir='ltr'><strong>Τ</strong></span> <span class='ocrx_word' id='word_1_3' title='bbox 529 447 543 492; x_wconf 95' lang='lat'>1</span> <span class='ocrx_word' id='word_1_4' title='bbox 564 443 595 494; x_wconf 88' lang='lat' dir='ltr'>r.</span> <span class='ocrx_word' id='word_1_5' title='bbox 617 426 702 492; x_wconf 89' lang='lat' dir='ltr'>XX.</span> <span class='ocrx_word' id='word_1_6' title='bbox 744 432 759 514; x_wconf 63' lang='grc'>1</span> <span class='ocrx_word' id='word_1_7' title='bbox 781 426 884 492; x_wconf 75' lang='lat' dir='ltr'>e-T</span> <span class='ocrx_word' id='word_1_8' title='bbox 905 445 919 492; x_wconf 91' lang='lat'>1</span> <span class='ocrx_word' id='word_1_9' title='bbox 941 443 972 494; x_wconf 90' lang='lat' dir='ltr'>r.</span> <span class='ocrx_word' id='word_1_10' title='bbox 993 427 1114 495; x_wconf 90' lang='lat' dir='ltr'><strong>XXII.</strong></span> 
     </span>
    </p>
   </div>
   <div class='ocr_carea' id='block_1_2' title="bbox 229 621 1394 1592">
    <p class='ocr_par' dir='ltr' id='par_1_2' title="bbox 280 621 1392 1148">
     <span class='ocr_line' id='line_1_2' title="bbox 280 621 1390 704; baseline 0 -20"><span class='ocrx_word' id='word_1_11' title='bbox 280 626 373 684; x_wconf 80' lang='lat' dir='ltr'>eionm</span> <span class='ocrx_word' id='word_1_12' title='bbox 402 625 433 682; x_wconf 87' lang='lat' dir='ltr'>iu</span> <span class='ocrx_word' id='word_1_13' title='bbox 463 625 605 685; x_wconf 82' lang='lat' dir='ltr'>mordrito</span> <span class='ocrx_word' id='word_1_14' title='bbox 634 621 729 680; x_wconf 77' lang='lat' dir='ltr'>novies</span> <span class='ocrx_word' id='word_1_15' title='bbox 760 631 909 700; x_wconf 80' lang='lat' dir='ltr'>sumptum</span> <span class='ocrx_word' id='word_1_16' title='bbox 940 641 998 681; x_wconf 91' lang='lat' dir='ltr'>non</span> <span class='ocrx_word' id='word_1_17' title='bbox 1018 625 1055 683; x_wconf 83' lang='lat' dir='ltr'>eit</span> <span class='ocrx_word' id='word_1_18' title='bbox 1074 623 1271 683; x_wconf 87' lang='lat' dir='ltr'>introdnotnrn</span> <span class='ocrx_word' id='word_1_19' title='bbox 1292 627 1390 704; x_wconf 77' lang='lat' dir='ltr'>tripu·</span> 
     </span>
     <span class='ocr_line' id='line_1_3' title="bbox 281 710 1390 792; baseline 0.002 -20"><span class='ocrx_word' id='word_1_20' title='bbox 281 715 392 772; x_wconf 77' lang='lat' dir='ltr'>natione</span> <span class='ocrx_word' id='word_1_21' title='bbox 410 713 463 772; x_wconf 82' lang='lat' dir='ltr'>ille</span> <span class='ocrx_word' id='word_1_22' title='bbox 481 712 708 792; x_wconf 76' lang='lat' dir='ltr'>weregeldorunr</span> <span class='ocrx_word' id='word_1_23' title='bbox 728 710 913 777; x_wconf 61' lang='lat' dir='ltr'>Vmerorum,</span> <span class='ocrx_word' id='word_1_24' title='bbox 933 714 1017 770; x_wconf 84' lang='lat' dir='ltr'>onius</span> <span class='ocrx_word' id='word_1_25' title='bbox 1036 714 1212 772; x_wconf 83' lang='lat' dir='ltr'>mentionem</span> <span class='ocrx_word' id='word_1_26' title='bbox 1230 714 1299 772; x_wconf 82' lang='lat' dir='ltr'>feeit</span> <span class='ocrx_word' id='word_1_27' title='bbox 1327 716 1390 774; x_wconf 75' lang='lat' dir='ltr'>ld-</span> 
     </span>
     <span class='ocr_line' id='line_1_4' title="bbox 282 799 1390 881; baseline 0 -20"><span class='ocrx_word' id='word_1_28' title='bbox 282 803 353 861; x_wconf 88' lang='lat' dir='ltr'>ditio</span> <span class='ocrx_word' id='word_1_29' title='bbox 383 803 453 881; x_wconf 76' lang='lat' dir='ltr'>legis</span> <span class='ocrx_word' id='word_1_30' title='bbox 482 803 658 864; x_wconf 74' lang='lat' dir='ltr'>Frisionum.</span> <span class='ocrx_word' id='word_1_31' title='bbox 688 799 736 858; x_wconf 83' lang='lat' dir='ltr'>sed</span> <span class='ocrx_word' id='word_1_32' title='bbox 769 800 861 858; x_wconf 82' lang='lat' dir='ltr'>edicto</span> <span class='ocrx_word' id='word_1_33' title='bbox 890 801 942 859; x_wconf 94' lang='lat' dir='ltr'>illo</span> <span class='ocrx_word' id='word_1_34' title='bbox 972 805 1047 880; x_wconf 78' lang='lat' dir='ltr'>regis</span> <span class='ocrx_word' id='word_1_35' title='bbox 1076 803 1107 860; x_wconf 86' lang='lat' dir='ltr'>iu</span> <span class='ocrx_word' id='word_1_36' title='bbox 1135 802 1220 861; x_wconf 89' lang='lat' dir='ltr'>titulo</span> <span class='ocrx_word' id='word_1_37' title='bbox 1240 803 1297 862; x_wconf 92' lang='lat' dir='ltr'>VII</span> <span class='ocrx_word' id='word_1_38' title='bbox 1317 805 1390 881; x_wconf 76' lang='lat' dir='ltr'>legis</span> 
     </span>
     <span class='ocr_line' id='line_1_5' title="bbox 281 888 1389 968; baseline 0.003 -19"><span class='ocrx_word' id='word_1_39' title='bbox 281 892 355 950; x_wconf 81' lang='lat' dir='ltr'>Fris.</span> <span class='ocrx_word' id='word_1_40' title='bbox 375 901 606 952; x_wconf 79' lang='lat' dir='ltr'>commemorato.</span> <span class='ocrx_word' id='word_1_41' title='bbox 643 889 679 948; x_wconf 91' lang='lat' dir='ltr'>ln</span> <span class='ocrx_word' id='word_1_42' title='bbox 700 888 880 947; x_wconf 73' lang='lat' dir='ltr'>Praefatione</span> <span class='ocrx_word' id='word_1_43' title='bbox 899 910 929 967; x_wconf 90' lang='lat' dir='ltr'>p.</span> <span class='ocrx_word' id='word_1_44' title='bbox 948 889 1055 951; x_wconf 88' lang='lat' dir='ltr'>XXXV</span> <span class='ocrx_word' id='word_1_45' title='bbox 1094 901 1122 950; x_wconf 87' lang='lat' dir='ltr'>et</span> <span class='ocrx_word' id='word_1_46' title='bbox 1140 911 1169 968; x_wconf 92' lang='lat' dir='ltr'>p.</span> <span class='ocrx_word' id='word_1_47' title='bbox 1190 892 1270 950; x_wconf 84' lang='lat' dir='ltr'><strong>XLII</strong></span> <span class='ocrx_word' id='word_1_48' title='bbox 1290 902 1389 952; x_wconf 83' lang='lat' dir='ltr'>eutem</span> 
     </span>
     <span class='ocr_line' id='line_1_6' title="bbox 284 981 1392 1060; baseline 0.001 -21"><span class='ocrx_word' id='word_1_49' title='bbox 284 983 413 1058; x_wconf 75' lang='lat' dir='ltr'><strong>exposui,</strong></span> <span class='ocrx_word' id='word_1_50' title='bbox 430 981 557 1038; x_wconf 89' lang='lat' dir='ltr'>edietum</span> <span class='ocrx_word' id='word_1_51' title='bbox 577 986 830 1038; x_wconf 80' lang='lat' dir='ltr'>oommemornum</span> <span class='ocrx_word' id='word_1_52' title='bbox 858 997 893 1037; x_wconf 90' lang='lat' dir='ltr'>ex</span> <span class='ocrx_word' id='word_1_53' title='bbox 913 999 977 1038; x_wconf 78' lang='lat' dir='ltr'>mee</span> <span class='ocrx_word' id='word_1_54' title='bbox 996 981 1131 1058; x_wconf 86' lang='lat' dir='ltr'>opinione</span> <span class='ocrx_word' id='word_1_55' title='bbox 1149 1000 1227 1038; x_wconf 80' lang='lat' dir='ltr'>euno</span> <span class='ocrx_word' id='word_1_56' title='bbox 1246 981 1392 1060; x_wconf 59' lang='grc'><strong>7851110-</strong></span> 
     </span>
     <span class='ocr_line' id='line_1_7' title="bbox 283 1068 1274 1148; baseline -0.001 -19"><span class='ocrx_word' id='word_1_57' title='bbox 283 1072 455 1148; x_wconf 76' lang='lat' dir='ltr'>mulgatum.</span> <span class='ocrx_word' id='word_1_58' title='bbox 477 1071 659 1129; x_wconf 75' lang='lat' dir='ltr'>Additionem</span> <span class='ocrx_word' id='word_1_59' title='bbox 679 1069 749 1145; x_wconf 78' lang='lat' dir='ltr'>legin</span> <span class='ocrx_word' id='word_1_60' title='bbox 768 1077 864 1126; x_wconf 83' lang='lat' dir='ltr'>eutem</span> <span class='ocrx_word' id='word_1_61' title='bbox 884 1088 962 1127; x_wconf 78' lang='lat' dir='ltr'>enno</span> <span class='ocrx_word' id='word_1_62' title='bbox 981 1068 1039 1129; x_wconf 79' lang='lat'>802</span> <span class='ocrx_word' id='word_1_63' title='bbox 1058 1079 1186 1128; x_wconf 75' lang='lat' dir='ltr'>renotem</span> <span class='ocrx_word' id='word_1_64' title='bbox 1205 1089 1274 1128; x_wconf 79' lang='lat' dir='ltr'>eree.</span> 
     </span>
    </p>

    <p class='ocr_par' dir='ltr' id='par_1_3' title="bbox 229 1155 1394 1592">
     <span class='ocr_line' id='line_1_8' title="bbox 326 1155 1394 1236; baseline 0.003 -20"><span class='ocrx_word' id='word_1_65' title='bbox 326 1159 356 1194; x_wconf 81' lang='lat'>⁵⁰</span> <span class='ocrx_word' id='word_1_66' title='bbox 398 1159 481 1217; x_wconf 76' lang='lat' dir='ltr'>conl.</span> <span class='ocrx_word' id='word_1_67' title='bbox 503 1158 557 1236; x_wconf 79' lang='lat' dir='ltr'>leg.</span> <span class='ocrx_word' id='word_1_68' title='bbox 579 1158 704 1219; x_wconf 77' lang='lat' dir='ltr'>Salicum</span> <span class='ocrx_word' id='word_1_69' title='bbox 723 1155 807 1221; x_wconf 84' lang='lat' dir='ltr'><strong>XIII,</strong></span> <span class='ocrx_word' id='word_1_70' title='bbox 827 1157 846 1214; x_wconf 76' lang='lat' dir='ltr'>l</span> <span class='ocrx_word' id='word_1_71' title='bbox 866 1157 924 1232; x_wconf 83' lang='lat' dir='ltr'>(ed.</span> <span class='ocrx_word' id='word_1_72' title='bbox 944 1157 1078 1235; x_wconf 59' lang='lat' dir='ltr'>Makelle</span> <span class='ocrx_word' id='word_1_73' title='bbox 1098 1167 1125 1216; x_wconf 84' lang='lat' dir='ltr'>rt</span> <span class='ocrx_word' id='word_1_74' title='bbox 1139 1178 1222 1234; x_wconf 80' lang='lat' dir='ltr'>puer</span> <span class='ocrx_word' id='word_1_75' title='bbox 1240 1163 1323 1236; x_wconf 68' lang='lat' dir='ltr'>repis</span> <span class='ocrx_word' id='word_1_76' title='bbox 1344 1163 1394 1219; x_wconf 80' lang='lat' dir='ltr'>eol</span> 
     </span>
     <span class='ocr_line' id='line_1_9' title="bbox 284 1248 1390 1327; baseline 0.002 -22"><span class='ocrx_word' id='word_1_77' title='bbox 284 1251 360 1306; x_wconf 83' lang='lat' dir='ltr'>letne</span> <span class='ocrx_word' id='word_1_78' title='bbox 385 1250 548 1325; x_wconf 76' lang='lat' dir='ltr'>inpenuom</span> <span class='ocrx_word' id='word_1_79' title='bbox 558 1251 712 1322; x_wconf 78' lang='lat' dir='ltr'>seminam</span> <span class='ocrx_word' id='word_1_80' title='bbox 731 1249 880 1311; x_wconf 73' lang='lat' dir='ltr'>trnmerit,</span> <span class='ocrx_word' id='word_1_81' title='bbox 899 1248 935 1304; x_wconf 84' lang='lat' dir='ltr'>cle</span> <span class='ocrx_word' id='word_1_82' title='bbox 955 1251 1019 1306; x_wconf 81' lang='lat' dir='ltr'>nita</span> <span class='ocrx_word' id='word_1_83' title='bbox 1039 1257 1204 1324; x_wconf 81' lang='lat' dir='ltr'>omnponot,</span> <span class='ocrx_word' id='word_1_84' title='bbox 1222 1258 1249 1306; x_wconf 90' lang='lat' dir='ltr'>et</span> <span class='ocrx_word' id='word_1_85' title='bbox 1269 1250 1339 1327; x_wconf 81' lang='lat' dir='ltr'>Cup.</span> <span class='ocrx_word' id='word_1_86' title='bbox 1361 1270 1390 1307; x_wconf 81' lang='lat' dir='ltr'>e.</span> 
     </span>
     <span class='ocr_line' id='line_1_10' title="bbox 282 1335 1392 1414; baseline 0.003 -20"><span class='ocrx_word' id='word_1_87' title='bbox 282 1337 338 1395; x_wconf 90' lang='grc'>757</span> <span class='ocrx_word' id='word_1_88' title='bbox 369 1357 395 1398; x_wconf 89' lang='lat' dir='ltr'>o.</span> <span class='ocrx_word' id='word_1_89' title='bbox 424 1335 477 1394; x_wconf 74' lang='lat'>222</span> <span class='ocrx_word' id='word_1_90' title='bbox 507 1341 535 1394; x_wconf 79' lang='lat' dir='ltr'>ei</span> <span class='ocrx_word' id='word_1_91' title='bbox 563 1356 667 1394; x_wconf 75' lang='lat' dir='ltr'>rervm</span> <span class='ocrx_word' id='word_1_92' title='bbox 693 1344 748 1394; x_wconf 78' lang='lat' dir='ltr'>ortt</span> <span class='ocrx_word' id='word_1_93' title='bbox 769 1337 895 1394; x_wconf 75' lang='lat' dir='ltr'>liberter</span> <span class='ocrx_word' id='word_1_94' title='bbox 914 1339 1059 1396; x_wconf 78' lang='lat' dir='ltr'>incertum</span> <span class='ocrx_word' id='word_1_95' title='bbox 1079 1340 1272 1405; x_wconf 75' lang='lat' dir='ltr'>eorumieerit,</span> <span class='ocrx_word' id='word_1_96' title='bbox 1292 1358 1392 1414; x_wconf 67' lang='grc' dir='ltr'><em>ναρκι-</em></span> 
     </span>
     <span class='ocr_line' id='line_1_11' title="bbox 229 1424 1011 1504; baseline -0.001 -19"><span class='ocrx_word' id='word_1_97' title='bbox 229 1429 231 1435; x_wconf 67' lang='lat'><strong><em>‘</em></strong></span> <span class='ocrx_word' id='word_1_98' title='bbox 282 1430 363 1486; x_wconf 70' lang='grc' dir='ltr'><em>ἰσίαν</em></span> <span class='ocrx_word' id='word_1_99' title='bbox 380 1429 483 1504; x_wconf 76' lang='lat' dir='ltr'>plapie</span> <span class='ocrx_word' id='word_1_100' title='bbox 501 1428 618 1491; x_wconf 65' lang='lat' dir='ltr'>miultis,</span> <span class='ocrx_word' id='word_1_101' title='bbox 638 1425 715 1483; x_wconf 85' lang='lat' dir='ltr'>Mon.</span> <span class='ocrx_word' id='word_1_102' title='bbox 737 1425 770 1483; x_wconf 83' lang='lat' dir='ltr'>G.</span> <span class='ocrx_word' id='word_1_103' title='bbox 790 1424 849 1484; x_wconf 85' lang='lat' dir='ltr'>LL.</span> <span class='ocrx_word' id='word_1_104' title='bbox 869 1425 893 1484; x_wconf 92' lang='lat' dir='ltr'>I.</span> <span class='ocrx_word' id='word_1_105' title='bbox 914 1445 944 1501; x_wconf 90' lang='lat' dir='ltr'>p.</span> <span class='ocrx_word' id='word_1_106' title='bbox 963 1425 1011 1484; x_wconf 89' lang='lat'>29.</span> 
     </span>
     <span class='ocr_line' id='line_1_12' title="bbox 324 1514 1391 1592; baseline 0 -18"><span class='ocrx_word' id='word_1_107' title='bbox 324 1515 354 1550; x_wconf 79' lang='lat'>⁵¹</span> <span class='ocrx_word' id='word_1_108' title='bbox 398 1515 527 1574; x_wconf 73' lang='lat' dir='ltr'>&#39;situlum</span> <span class='ocrx_word' id='word_1_109' title='bbox 557 1514 626 1572; x_wconf 92' lang='lat' dir='ltr'>XXI</span> <span class='ocrx_word' id='word_1_110' title='bbox 657 1515 693 1570; x_wconf 83' lang='lat' dir='ltr'>nd</span> <span class='ocrx_word' id='word_1_111' title='bbox 722 1514 844 1571; x_wconf 79' lang='lat' dir='ltr'>Frisium</span> <span class='ocrx_word' id='word_1_112' title='bbox 875 1515 1000 1572; x_wconf 79' lang='lat' dir='ltr'>mediam</span> <span class='ocrx_word' id='word_1_113' title='bbox 1028 1517 1183 1592; x_wconf 83' lang='lat' dir='ltr'>pertinere,</span> <span class='ocrx_word' id='word_1_114' title='bbox 1213 1517 1308 1576; x_wconf 78' lang='lat' dir='ltr'>verbis</span> <span class='ocrx_word' id='word_1_115' title='bbox 1327 1518 1391 1587; x_wconf 75' lang='lat' dir='ltr'>eiu.</span> 
     </span>
    </p>
   </div>
   <div class='ocr_carea' id='block_1_3' title="bbox 173 1594 1392 1678">
    <p class='ocr_par' dir='ltr' id='par_1_4' title="bbox 173 1594 1392 1678">
     <span class='ocr_line' id='line_1_13' title="bbox 173 1594 1392 1678; baseline 0.005 -20"><span class='ocrx_word' id='word_1_116' title='bbox 173 1652 176 1658; x_wconf 88' lang='lat'><strong>.</strong></span> <span class='ocrx_word' id='word_1_117' title='bbox 281 1594 415 1664; x_wconf 80' lang='lat' dir='ltr'>extremie</span> <span class='ocrx_word' id='word_1_118' title='bbox 445 1605 670 1668; x_wconf 79' lang='lat' dir='ltr'>demonstretur,</span> <span class='ocrx_word' id='word_1_119' title='bbox 699 1622 774 1678; x_wconf 80' lang='lat' dir='ltr'>quoe</span> <span class='ocrx_word' id='word_1_120' title='bbox 803 1610 900 1662; x_wconf 82' lang='lat' dir='ltr'>eutem</span> <span class='ocrx_word' id='word_1_121' title='bbox 932 1623 998 1662; x_wconf 86' lang='lat' dir='ltr'>oum</span> <span class='ocrx_word' id='word_1_122' title='bbox 1028 1607 1263 1666; x_wconf 78' lang='lat' dir='ltr'>antecedentibus</span> <span class='ocrx_word' id='word_1_123' title='bbox 1280 1608 1323 1664; x_wconf 82' lang='lat' dir='ltr'>ita</span> <span class='ocrx_word' id='word_1_124' title='bbox 1342 1626 1392 1664; x_wconf 90' lang='lat' dir='ltr'>oo·</span> 
     </span>
    </p>
   </div>
   <div class='ocr_carea' id='block_1_4' title="bbox 282 1692 1392 2127">
    <p class='ocr_par' dir='ltr' id='par_1_5' title="bbox 282 1692 1391 1840">
     <span class='ocr_line' id='line_1_14' title="bbox 282 1692 1391 1773; baseline 0.003 -22"><span class='ocrx_word' id='word_1_125' title='bbox 282 1697 415 1757; x_wconf 79' lang='lat' dir='ltr'>haerent.</span> <span class='ocrx_word' id='word_1_126' title='bbox 435 1702 466 1750; x_wconf 89' lang='lat' dir='ltr'>ut</span> <span class='ocrx_word' id='word_1_127' title='bbox 485 1693 586 1750; x_wconf 86' lang='lat' dir='ltr'>ooniioi</span> <span class='ocrx_word' id='word_1_128' title='bbox 606 1694 724 1750; x_wconf 75' lang='lat' dir='ltr'>fortasse</span> <span class='ocrx_word' id='word_1_129' title='bbox 744 1692 839 1757; x_wconf 75' lang='lat' dir='ltr'>liceat,</span> <span class='ocrx_word' id='word_1_130' title='bbox 857 1693 975 1750; x_wconf 87' lang='lat' dir='ltr'>titulum</span> <span class='ocrx_word' id='word_1_131' title='bbox 995 1712 1109 1752; x_wconf 87' lang='lat' dir='ltr'>ornnem</span> <span class='ocrx_word' id='word_1_132' title='bbox 1130 1715 1190 1754; x_wconf 92' lang='lat' dir='ltr'>non</span> <span class='ocrx_word' id='word_1_133' title='bbox 1209 1697 1297 1755; x_wconf 78' lang='lat' dir='ltr'>luisse</span> <span class='ocrx_word' id='word_1_134' title='bbox 1316 1696 1391 1773; x_wconf 77' lang='lat' dir='ltr'>legis</span> 
     </span>
     <span class='ocr_line' id='line_1_15' title="bbox 283 1782 686 1840; baseline 0 0"><span class='ocrx_word' id='word_1_135' title='bbox 283 1783 447 1840; x_wconf 75' lang='lat' dir='ltr'>Frisiorum</span> <span class='ocrx_word' id='word_1_136' title='bbox 468 1782 686 1840; x_wconf 73' lang='lat' dir='ltr'>vetustissimae.</span> 
     </span>
    </p>

    <p class='ocr_par' dir='ltr' id='par_1_6' title="bbox 284 1870 1392 2039">
     <span class='ocr_line' id='line_1_16' title="bbox 327 1870 1392 1951; baseline 0.005 -23"><span class='ocrx_word' id='word_1_137' title='bbox 327 1872 357 1906; x_wconf 85' lang='lat'>⁵²</span> <span class='ocrx_word' id='word_1_138' title='bbox 401 1872 442 1928; x_wconf 82' lang='lat' dir='ltr'>lle</span> <span class='ocrx_word' id='word_1_139' title='bbox 470 1870 566 1948; x_wconf 73' lang='lat' dir='ltr'>plagio</span> <span class='ocrx_word' id='word_1_140' title='bbox 595 1871 667 1927; x_wconf 81' lang='lat' dir='ltr'>iuris</span> <span class='ocrx_word' id='word_1_141' title='bbox 697 1870 860 1928; x_wconf 80' lang='lat' dir='ltr'>Germanioi</span> <span class='ocrx_word' id='word_1_142' title='bbox 890 1870 954 1928; x_wconf 81' lang='lat' dir='ltr'>ride</span> <span class='ocrx_word' id='word_1_143' title='bbox 976 1870 1076 1930; x_wconf 84' lang='lat' dir='ltr'>VVilda</span> <span class='ocrx_word' id='word_1_144' title='bbox 1095 1894 1125 1951; x_wconf 89' lang='lat' dir='ltr'>p.</span> <span class='ocrx_word' id='word_1_145' title='bbox 1147 1874 1223 1940; x_wconf 71' lang='lat'><strong>7973</strong></span> <span class='ocrx_word' id='word_1_146' title='bbox 1243 1874 1280 1932; x_wconf 91' lang='lat' dir='ltr'>de</span> <span class='ocrx_word' id='word_1_147' title='bbox 1298 1875 1392 1933; x_wconf 70' lang='lat' dir='ltr'>serris</span> 
     </span>
     <span class='ocr_line' id='line_1_17' title="bbox 284 1959 1142 2039; baseline 0.001 -20"><span class='ocrx_word' id='word_1_148' title='bbox 284 1969 365 2020; x_wconf 81' lang='lat' dir='ltr'>extre</span> <span class='ocrx_word' id='word_1_149' title='bbox 385 1961 510 2039; x_wconf 82' lang='lat' dir='ltr'>patriem</span> <span class='ocrx_word' id='word_1_150' title='bbox 530 1960 654 2018; x_wconf 77' lang='lat' dir='ltr'>venditis</span> <span class='ocrx_word' id='word_1_151' title='bbox 673 1961 760 2017; x_wconf 81' lang='lat' dir='ltr'>rerba</span> <span class='ocrx_word' id='word_1_152' title='bbox 779 1960 848 2016; x_wconf 86' lang='lat' dir='ltr'>feeit</span> <span class='ocrx_word' id='word_1_153' title='bbox 866 1959 887 2018; x_wconf 95' lang='lat' dir='ltr'>l.</span> <span class='ocrx_word' id='word_1_154' title='bbox 907 1959 980 2018; x_wconf 79' lang='lat' dir='ltr'>Fris.</span> <span class='ocrx_word' id='word_1_155' title='bbox 1000 1960 1095 2026; x_wconf 81' lang='lat' dir='ltr'><strong>XVII,</strong></span> <span class='ocrx_word' id='word_1_156' title='bbox 1114 1962 1142 2023; x_wconf 89' lang='grc'><strong>5.</strong></span> 
     </span>
    </p>

    <p class='ocr_par' dir='ltr' id='par_1_7' title="bbox 327 2048 1392 2127">
     <span class='ocr_line' id='line_1_18' title="bbox 327 2048 1392 2127; baseline 0.004 -21"><span class='ocrx_word' id='word_1_157' title='bbox 327 2050 359 2086; x_wconf 79' lang='lat'>⁵³</span> <span class='ocrx_word' id='word_1_158' title='bbox 402 2049 562 2126; x_wconf 80' lang='lat' dir='ltr'>PlagierIno</span> <span class='ocrx_word' id='word_1_159' title='bbox 592 2049 682 2106; x_wconf 78' lang='lat' dir='ltr'>solvet</span> <span class='ocrx_word' id='word_1_160' title='bbox 711 2048 901 2124; x_wconf 73' lang='lat' dir='ltr'>weregeldum</span> <span class='ocrx_word' id='word_1_161' title='bbox 933 2059 1042 2108; x_wconf 84' lang='lat' dir='ltr'>»extra</span> <span class='ocrx_word' id='word_1_162' title='bbox 1070 2052 1194 2127; x_wconf 77' lang='lat' dir='ltr'>petriam</span> <span class='ocrx_word' id='word_1_163' title='bbox 1214 2052 1335 2112; x_wconf 75' lang='lat' dir='ltr'>venditi.</span> <span class='ocrx_word' id='word_1_164' title='bbox 1355 2072 1392 2110; x_wconf 82' lang='lat' dir='ltr'>uo</span> 
     </span>
    </p>
   </div>
   <div class='ocr_carea' id='block_1_5' title="bbox 285 2136 1392 2299">
    <p class='ocr_par' dir='ltr' id='par_1_8' title="bbox 285 2136 1392 2299">
     <span class='ocr_line' id='line_1_19' title="bbox 285 2136 1392 2218; baseline 0.003 -22"><span class='ocrx_word' id='word_1_165' title='bbox 285 2140 309 2196; x_wconf 82' lang='lat' dir='ltr'>si</span> <span class='ocrx_word' id='word_1_166' title='bbox 339 2157 406 2195; x_wconf 87' lang='lat' dir='ltr'>eum</span> <span class='ocrx_word' id='word_1_167' title='bbox 425 2137 649 2200; x_wconf 69' lang='lat' dir='ltr'>interfecisset’3</span> <span class='ocrx_word' id='word_1_168' title='bbox 679 2137 756 2213; x_wconf 91' lang='lat' dir='ltr'>quod</span> <span class='ocrx_word' id='word_1_169' title='bbox 786 2137 843 2213; x_wconf 75' lang='lat' dir='ltr'>legi</span> <span class='ocrx_word' id='word_1_170' title='bbox 872 2136 1036 2196; x_wconf 82' lang='lat' dir='ltr'>Frisionum</span> <span class='ocrx_word' id='word_1_171' title='bbox 1066 2150 1257 2218; x_wconf 79' lang='lat' dir='ltr'>eongrnenter</span> <span class='ocrx_word' id='word_1_172' title='bbox 1284 2142 1392 2200; x_wconf 77' lang='lat' dir='ltr'>eonsti-</span> 
     </span>
     <span class='ocr_line' id='line_1_20' title="bbox 285 2223 1392 2299; baseline 0.004 -15"><span class='ocrx_word' id='word_1_173' title='bbox 285 2235 390 2284; x_wconf 78' lang='lat' dir='ltr'>tuuutr</span> <span class='ocrx_word' id='word_1_174' title='bbox 421 2227 442 2285; x_wconf 94' lang='grc'>1.</span> <span class='ocrx_word' id='word_1_175' title='bbox 474 2226 535 2286; x_wconf 74' lang='lat' dir='ltr'>sel.</span> <span class='ocrx_word' id='word_1_176' title='bbox 564 2223 700 2292; x_wconf 82' lang='lat' dir='ltr'><strong>XXXIX,</strong></span> <span class='ocrx_word' id='word_1_177' title='bbox 728 2225 757 2283; x_wconf 80' lang='lat'>3.</span> <span class='ocrx_word' id='word_1_178' title='bbox 789 2226 808 2282; x_wconf 78' lang='grc'>1</span> <span class='ocrx_word' id='word_1_179' title='bbox 837 2226 896 2299; x_wconf 86' lang='lat' dir='ltr'>(ed.</span> <span class='ocrx_word' id='word_1_180' title='bbox 926 2227 1038 2286; x_wconf 83' lang='lat' dir='ltr'>llerkel</span> <span class='ocrx_word' id='word_1_181' title='bbox 1056 2239 1084 2286; x_wconf 88' lang='lat' dir='ltr'>et</span> <span class='ocrx_word' id='word_1_182' title='bbox 1104 2231 1198 2289; x_wconf 79' lang='lat' dir='ltr'>novel.</span> <span class='ocrx_word' id='word_1_183' title='bbox 1217 2249 1263 2288; x_wconf 87' lang='lat' dir='ltr'>nr.</span> <span class='ocrx_word' id='word_1_184' title='bbox 1288 2231 1342 2288; x_wconf 91' lang='grc'>115</span> <span class='ocrx_word' id='word_1_185' title='bbox 1362 2241 1392 2288; x_wconf 92' lang='lat' dir='ltr'>et</span> 
     </span>
    </p>
   </div>
   <div class='ocr_carea' id='block_1_6' title="bbox 285 2314 1392 2752">
    <p class='ocr_par' dir='ltr' id='par_1_9' title="bbox 285 2314 1392 2752">
     <span class='ocr_line' id='line_1_21' title="bbox 285 2314 1391 2398; baseline 0.002 -23"><span class='ocrx_word' id='word_1_186' title='bbox 285 2315 374 2394; x_wconf 58' lang='grc'><strong>22611</strong></span> <span class='ocrx_word' id='word_1_187' title='bbox 404 2316 425 2376; x_wconf 95' lang='grc'>1.</span> <span class='ocrx_word' id='word_1_188' title='bbox 457 2314 547 2375; x_wconf 81' lang='lat' dir='ltr'>Thur.</span> <span class='ocrx_word' id='word_1_189' title='bbox 576 2315 643 2380; x_wconf 83' lang='lat' dir='ltr'>Vll.</span> <span class='ocrx_word' id='word_1_190' title='bbox 671 2315 690 2373; x_wconf 88' lang='grc'><strong>5</strong></span> <span class='ocrx_word' id='word_1_191' title='bbox 720 2314 778 2388; x_wconf 87' lang='lat' dir='ltr'>(ed.</span> <span class='ocrx_word' id='word_1_192' title='bbox 810 2315 920 2374; x_wconf 79' lang='lat' dir='ltr'>Merkel</span> <span class='ocrx_word' id='word_1_193' title='bbox 950 2317 996 2376; x_wconf 87' lang='lat' dir='ltr'>tit.</span> <span class='ocrx_word' id='word_1_194' title='bbox 1024 2317 1053 2375; x_wconf 93' lang='lat' dir='ltr'>ll</span> <span class='ocrx_word' id='word_1_195' title='bbox 1082 2318 1118 2378; x_wconf 92' lang='lat' dir='ltr'>de</span> <span class='ocrx_word' id='word_1_196' title='bbox 1136 2319 1223 2377; x_wconf 79' lang='lat' dir='ltr'>furtis</span> <span class='ocrx_word' id='word_1_197' title='bbox 1242 2339 1267 2378; x_wconf 87' lang='lat' dir='ltr'>o.</span> <span class='ocrx_word' id='word_1_198' title='bbox 1288 2321 1316 2378; x_wconf 87' lang='grc'>6.</span> <span class='ocrx_word' id='word_1_199' title='bbox 1337 2321 1391 2398; x_wconf 73' lang='grc'>7);</span> 
     </span>
     <span class='ocr_line' id='line_1_22' title="bbox 286 2403 1390 2487; baseline 0.007 -25"><span class='ocrx_word' id='word_1_200' title='bbox 286 2407 308 2464; x_wconf 94' lang='grc'>1.</span> <span class='ocrx_word' id='word_1_201' title='bbox 337 2406 429 2463; x_wconf 78' lang='lat' dir='ltr'>llam.</span> <span class='ocrx_word' id='word_1_202' title='bbox 459 2405 588 2464; x_wconf 86' lang='lat' dir='ltr'>lllother.</span> <span class='ocrx_word' id='word_1_203' title='bbox 619 2403 732 2469; x_wconf 78' lang='lat' dir='ltr'>XLVlt</span> <span class='ocrx_word' id='word_1_204' title='bbox 762 2404 784 2464; x_wconf 96' lang='grc'>1.</span> <span class='ocrx_word' id='word_1_205' title='bbox 814 2405 877 2466; x_wconf 82' lang='lat' dir='ltr'>Bel.</span> <span class='ocrx_word' id='word_1_206' title='bbox 911 2406 993 2472; x_wconf 80' lang='lat' dir='ltr'><strong>VIII,</strong></span> <span class='ocrx_word' id='word_1_207' title='bbox 1013 2407 1041 2465; x_wconf 85' lang='lat' dir='ltr'>l.</span> <span class='ocrx_word' id='word_1_208' title='bbox 1060 2407 1074 2484; x_wconf 64' lang='grc' dir='ltr'><strong>ξ</strong></span> <span class='ocrx_word' id='word_1_209' title='bbox 1094 2409 1122 2466; x_wconf 83' lang='grc'><strong>2.</strong></span> <span class='ocrx_word' id='word_1_210' title='bbox 1143 2408 1198 2467; x_wconf 91' lang='lat' dir='ltr'>XV</span> <span class='ocrx_word' id='word_1_211' title='bbox 1203 2449 1209 2473; x_wconf 83' lang='lat'><strong>‚</strong></span> <span class='ocrx_word' id='word_1_212' title='bbox 1227 2408 1255 2466; x_wconf 84' lang='lat'>5.</span> <span class='ocrx_word' id='word_1_213' title='bbox 1275 2409 1289 2487; x_wconf 71' lang='grc' dir='ltr'><strong>ξ</strong></span> <span class='ocrx_word' id='word_1_214' title='bbox 1310 2411 1346 2476; x_wconf 80' lang='grc'>3;</span> <span class='ocrx_word' id='word_1_215' title='bbox 1368 2412 1390 2470; x_wconf 94' lang='grc'>1.</span> 
     </span>
     <span class='ocr_line' id='line_1_23' title="bbox 288 2494 1391 2572; baseline 0.005 -19"><span class='ocrx_word' id='word_1_216' title='bbox 288 2495 355 2554; x_wconf 79' lang='lat' dir='ltr'>Sex.</span> <span class='ocrx_word' id='word_1_217' title='bbox 385 2494 427 2560; x_wconf 89' lang='lat' dir='ltr'>ll,</span> <span class='ocrx_word' id='word_1_218' title='bbox 454 2495 472 2551; x_wconf 97' lang='grc'><strong>7</strong></span> <span class='ocrx_word' id='word_1_219' title='bbox 503 2494 561 2570; x_wconf 84' lang='lat' dir='ltr'>(ed.</span> <span class='ocrx_word' id='word_1_220' title='bbox 592 2494 704 2552; x_wconf 82' lang='lat' dir='ltr'>Merkel</span> <span class='ocrx_word' id='word_1_221' title='bbox 723 2514 747 2552; x_wconf 91' lang='lat' dir='ltr'>o.</span> <span class='ocrx_word' id='word_1_222' title='bbox 768 2494 835 2570; x_wconf 78' lang='lat'><strong>20);</strong></span> <span class='ocrx_word' id='word_1_223' title='bbox 855 2496 888 2551; x_wconf 87' lang='lat' dir='ltr'>iu</span> <span class='ocrx_word' id='word_1_224' title='bbox 907 2495 969 2570; x_wconf 76' lang='lat' dir='ltr'>lege</span> <span class='ocrx_word' id='word_1_225' title='bbox 988 2495 1193 2572; x_wconf 86' lang='lat' dir='ltr'>Ripueriorum</span> <span class='ocrx_word' id='word_1_226' title='bbox 1213 2498 1282 2558; x_wconf 92' lang='lat' dir='ltr'>XVI</span> <span class='ocrx_word' id='word_1_227' title='bbox 1301 2519 1391 2559; x_wconf 81' lang='lat' dir='ltr'>were·</span> 
     </span>
     <span class='ocr_line' id='line_1_24' title="bbox 287 2583 1392 2661; baseline 0.005 -19"><span class='ocrx_word' id='word_1_228' title='bbox 287 2584 405 2661; x_wconf 77' lang='lat' dir='ltr'>geldum</span> <span class='ocrx_word' id='word_1_229' title='bbox 435 2584 540 2660; x_wconf 77' lang='lat' dir='ltr'><strong>triplex</strong></span> <span class='ocrx_word' id='word_1_230' title='bbox 568 2583 631 2640; x_wconf 89' lang='lat' dir='ltr'>loeo</span> <span class='ocrx_word' id='word_1_231' title='bbox 661 2584 798 2660; x_wconf 78' lang='lat' dir='ltr'>simplicis</span> <span class='ocrx_word' id='word_1_232' title='bbox 824 2583 1032 2660; x_wconf 72' lang='lat' dir='ltr'>praescriptum</span> <span class='ocrx_word' id='word_1_233' title='bbox 1052 2595 1102 2643; x_wconf 84' lang='lat' dir='ltr'>est.</span> <span class='ocrx_word' id='word_1_234' title='bbox 1141 2587 1173 2644; x_wconf 88' lang='lat' dir='ltr'>si</span> <span class='ocrx_word' id='word_1_235' title='bbox 1196 2588 1325 2647; x_wconf 73' lang='lat' dir='ltr'>venditus</span> <span class='ocrx_word' id='word_1_236' title='bbox 1345 2609 1392 2648; x_wconf 89' lang='lat' dir='ltr'>re·</span> 
     </span>
     <span class='ocr_line' id='line_1_25' title="bbox 288 2672 1391 2752; baseline 0.008 -24"><span class='ocrx_word' id='word_1_237' title='bbox 288 2673 409 2732; x_wconf 72' lang='lat' dir='ltr'>vertitur</span> <span class='ocrx_word' id='word_1_238' title='bbox 437 2674 468 2732; x_wconf 85' lang='lat' dir='ltr'>ln</span> <span class='ocrx_word' id='word_1_239' title='bbox 496 2672 621 2750; x_wconf 76' lang='lat' dir='ltr'>petrium</span> <span class='ocrx_word' id='word_1_240' title='bbox 640 2693 735 2738; x_wconf 78' lang='lat' dir='ltr'>ruem,</span> <span class='ocrx_word' id='word_1_241' title='bbox 753 2673 914 2752; x_wconf 73' lang='lat' dir='ltr'><strong>plagiarius</strong></span> <span class='ocrx_word' id='word_1_242' title='bbox 933 2693 968 2732; x_wconf 84' lang='lat' dir='ltr'>ex</span> <span class='ocrx_word' id='word_1_243' title='bbox 987 2674 1049 2752; x_wconf 81' lang='lat' dir='ltr'>lege</span> <span class='ocrx_word' id='word_1_244' title='bbox 1068 2673 1232 2738; x_wconf 78' lang='lat' dir='ltr'>Frisionum</span> <span class='ocrx_word' id='word_1_245' title='bbox 1251 2679 1344 2737; x_wconf 75' lang='lat' dir='ltr'>solvet</span> <span class='ocrx_word' id='word_1_246' title='bbox 1362 2681 1391 2737; x_wconf 90' lang='lat' dir='ltr'>ei</span> 
     </span>
    </p>
   </div>
   <div class='ocr_carea' id='block_1_7' title="bbox 289 2762 1509 2840">
    <p class='ocr_par' dir='ltr' id='par_1_10' title="bbox 289 2762 1509 2840">
     <span class='ocr_line' id='line_1_26' title="bbox 289 2762 1509 2840; baseline 0.008 -21"><span class='ocrx_word' id='word_1_247' title='bbox 289 2763 480 2840; x_wconf 75' lang='lat' dir='ltr'>weregeldum</span> <span class='ocrx_word' id='word_1_248' title='bbox 510 2763 629 2840; x_wconf 80' lang='lat' dir='ltr'>duplex,</span> <span class='ocrx_word' id='word_1_249' title='bbox 659 2772 688 2820; x_wconf 89' lang='lat' dir='ltr'>et</span> <span class='ocrx_word' id='word_1_250' title='bbox 716 2764 777 2839; x_wconf 77' lang='lat' dir='ltr'>regi</span> <span class='ocrx_word' id='word_1_251' title='bbox 803 2762 919 2820; x_wconf 84' lang='lat' dir='ltr'>fredum</span> <span class='ocrx_word' id='word_1_252' title='bbox 950 2762 985 2820; x_wconf 92' lang='lat' dir='ltr'>l2</span> <span class='ocrx_word' id='word_1_253' title='bbox 1012 2765 1188 2832; x_wconf 71' lang='lat' dir='ltr'>solidorum</span> <span class='ocrx_word' id='word_1_254' title='bbox 1218 2768 1281 2825; x_wconf 89' lang='lat' dir='ltr'>loeo</span> <span class='ocrx_word' id='word_1_255' title='bbox 1302 2787 1393 2826; x_wconf 81' lang='lat' dir='ltr'>were·</span> <span class='ocrx_word' id='word_1_256' title='bbox 1508 2783 1509 2830; x_wconf 61' lang='grc' dir='ltr'>ξ</span> 
     </span>
    </p>
   </div>
   <div class='ocr_carea' id='block_1_8' title="bbox 285 2852 1393 3648">
    <p class='ocr_par' dir='ltr' id='par_1_11' title="bbox 288 2852 1392 3370">
     <span class='ocr_line' id='line_1_27' title="bbox 288 2852 1390 2935; baseline 0.007 -27"><span class='ocrx_word' id='word_1_257' title='bbox 288 2852 366 2928; x_wconf 75' lang='lat' dir='ltr'>geldi</span> <span class='ocrx_word' id='word_1_258' title='bbox 396 2853 519 2931; x_wconf 79' lang='lat' dir='ltr'>duplicis</span> <span class='ocrx_word' id='word_1_259' title='bbox 547 2852 669 2928; x_wconf 82' lang='lat' dir='ltr'>rimplex</span> <span class='ocrx_word' id='word_1_260' title='bbox 697 2852 888 2929; x_wconf 76' lang='lat' dir='ltr'>weregeldum</span> <span class='ocrx_word' id='word_1_261' title='bbox 918 2853 1095 2931; x_wconf 78' lang='lat' dir='ltr'>postulatum</span> <span class='ocrx_word' id='word_1_262' title='bbox 1114 2864 1156 2913; x_wconf 87' lang='lat' dir='ltr'>est</span> <span class='ocrx_word' id='word_1_263' title='bbox 1174 2857 1207 2913; x_wconf 90' lang='lat' dir='ltr'>iu</span> <span class='ocrx_word' id='word_1_264' title='bbox 1226 2857 1248 2916; x_wconf 93' lang='lat' dir='ltr'>l.</span> <span class='ocrx_word' id='word_1_265' title='bbox 1266 2857 1390 2935; x_wconf 73' lang='lat' dir='ltr'>Ripuer.</span> 
     </span>
     <span class='ocr_line' id='line_1_28' title="bbox 288 2940 1391 3023; baseline 0.007 -25"><span class='ocrx_word' id='word_1_266' title='bbox 288 2940 368 3004; x_wconf 75' lang='grc' dir='ltr'><strong>ΧΠ.</strong></span> <span class='ocrx_word' id='word_1_267' title='bbox 396 2941 551 3001; x_wconf 85' lang='lat' dir='ltr'>dimidium</span> <span class='ocrx_word' id='word_1_268' title='bbox 581 2951 676 3000; x_wconf 86' lang='lat' dir='ltr'>eutem</span> <span class='ocrx_word' id='word_1_269' title='bbox 707 2942 739 2998; x_wconf 89' lang='lat' dir='ltr'>in</span> <span class='ocrx_word' id='word_1_270' title='bbox 767 2941 789 3000; x_wconf 85' lang='lat' dir='ltr'>l.</span> <span class='ocrx_word' id='word_1_271' title='bbox 809 2942 869 3000; x_wconf 80' lang='lat' dir='ltr'>Sal.</span> <span class='ocrx_word' id='word_1_272' title='bbox 889 2941 966 3006; x_wconf 79' lang='lat' dir='ltr'>XLI.</span> <span class='ocrx_word' id='word_1_273' title='bbox 985 2943 1005 3002; x_wconf 78' lang='lat'><strong>3</strong></span> <span class='ocrx_word' id='word_1_274' title='bbox 1023 2944 1082 3015; x_wconf 85' lang='lat' dir='ltr'>(ed.</span> <span class='ocrx_word' id='word_1_275' title='bbox 1100 2944 1221 3004; x_wconf 84' lang='lat' dir='ltr'>Merkel.</span> <span class='ocrx_word' id='word_1_276' title='bbox 1232 2965 1298 3006; x_wconf 82' lang='lat' dir='ltr'>nor.</span> <span class='ocrx_word' id='word_1_277' title='bbox 1313 2947 1391 3023; x_wconf 90' lang='grc'><strong>115).</strong></span> 
     </span>
     <span class='ocr_line' id='line_1_29' title="bbox 288 3029 1392 3110; baseline 0.007 -23"><span class='ocrx_word' id='word_1_278' title='bbox 288 3033 321 3088; x_wconf 90' lang='lat' dir='ltr'>iu</span> <span class='ocrx_word' id='word_1_279' title='bbox 350 3031 371 3088; x_wconf 97' lang='lat' dir='ltr'>l.</span> <span class='ocrx_word' id='word_1_280' title='bbox 403 3031 509 3090; x_wconf 79' lang='lat' dir='ltr'>Saron.</span> <span class='ocrx_word' id='word_1_281' title='bbox 539 3029 580 3094; x_wconf 84' lang='grc'>11,</span> <span class='ocrx_word' id='word_1_282' title='bbox 608 3030 627 3089; x_wconf 86' lang='grc'><strong>7</strong></span> <span class='ocrx_word' id='word_1_283' title='bbox 656 3030 725 3088; x_wconf 90' lang='lat' dir='ltr'>etl.</span> <span class='ocrx_word' id='word_1_284' title='bbox 744 3030 854 3088; x_wconf 78' lang='lat' dir='ltr'>Boion.</span> <span class='ocrx_word' id='word_1_285' title='bbox 875 3030 957 3097; x_wconf 81' lang='lat' dir='ltr'><strong>VIII,</strong></span> <span class='ocrx_word' id='word_1_286' title='bbox 977 3031 1003 3091; x_wconf 81' lang='grc'>1.</span> <span class='ocrx_word' id='word_1_287' title='bbox 1024 3033 1038 3110; x_wconf 70' lang='grc' dir='ltr'><strong>ξ</strong></span> <span class='ocrx_word' id='word_1_288' title='bbox 1061 3032 1086 3091; x_wconf 93' lang='lat'>1.</span> <span class='ocrx_word' id='word_1_289' title='bbox 1127 3034 1209 3092; x_wconf 74' lang='lat' dir='ltr'>conf.</span> <span class='ocrx_word' id='word_1_290' title='bbox 1227 3055 1303 3110; x_wconf 80' lang='lat' dir='ltr'>quae</span> <span class='ocrx_word' id='word_1_291' title='bbox 1323 3038 1392 3095; x_wconf 78' lang='lat' dir='ltr'>inre</span> 
     </span>
     <span class='ocr_line' id='line_1_30' title="bbox 288 3117 1390 3200; baseline 0.008 -24"><span class='ocrx_word' id='word_1_292' title='bbox 288 3119 395 3178; x_wconf 78' lang='lat' dir='ltr'>Vrisiea</span> <span class='ocrx_word' id='word_1_293' title='bbox 424 3119 531 3175; x_wconf 82' lang='lat' dir='ltr'>oeeouli</span> <span class='ocrx_word' id='word_1_294' title='bbox 560 3117 631 3175; x_wconf 93' lang='lat' dir='ltr'>XIII</span> <span class='ocrx_word' id='word_1_295' title='bbox 662 3119 694 3175; x_wconf 87' lang='lat' dir='ltr'>iu</span> <span class='ocrx_word' id='word_1_296' title='bbox 721 3118 877 3176; x_wconf 78' lang='lat' dir='ltr'>Vriesisohe</span> <span class='ocrx_word' id='word_1_297' title='bbox 905 3118 1037 3197; x_wconf 80' lang='lat' dir='ltr'>Rechteq.</span> <span class='ocrx_word' id='word_1_298' title='bbox 1064 3141 1130 3200; x_wconf 78' lang='lat' dir='ltr'><strong>pag.</strong></span> <span class='ocrx_word' id='word_1_299' title='bbox 1157 3122 1254 3188; x_wconf 68' lang='grc'><strong>211.</strong></span> <span class='ocrx_word' id='word_1_300' title='bbox 1283 3125 1332 3189; x_wconf 79' lang='lat'>48.</span> <span class='ocrx_word' id='word_1_301' title='bbox 1359 3127 1390 3185; x_wconf 92' lang='grc'><strong>7.</strong></span> 
     </span>
     <span class='ocr_line' id='line_1_31' title="bbox 288 3206 1392 3292; baseline 0.007 -28"><span class='ocrx_word' id='word_1_302' title='bbox 288 3207 338 3272; x_wconf 86' lang='grc'>70,</span> <span class='ocrx_word' id='word_1_303' title='bbox 370 3207 405 3264; x_wconf 90' lang='grc'>15</span> <span class='ocrx_word' id='word_1_304' title='bbox 435 3207 613 3264; x_wconf 86' lang='lat' dir='ltr'>eonstituunt</span> <span class='ocrx_word' id='word_1_305' title='bbox 642 3207 678 3264; x_wconf 89' lang='lat' dir='ltr'>de</span> <span class='ocrx_word' id='word_1_306' title='bbox 708 3206 837 3264; x_wconf 76' lang='lat' dir='ltr'>Frisiooe</span> <span class='ocrx_word' id='word_1_307' title='bbox 867 3208 899 3264; x_wconf 91' lang='lat' dir='ltr'>in</span> <span class='ocrx_word' id='word_1_308' title='bbox 919 3211 1045 3285; x_wconf 77' lang='lat' dir='ltr'>petriam</span> <span class='ocrx_word' id='word_1_309' title='bbox 1065 3222 1224 3271; x_wconf 79' lang='lat' dir='ltr'>revertente</span> <span class='ocrx_word' id='word_1_310' title='bbox 1243 3232 1279 3272; x_wconf 86' lang='lat' dir='ltr'>ex</span> <span class='ocrx_word' id='word_1_311' title='bbox 1298 3218 1392 3292; x_wconf 84' lang='lat' dir='ltr'>eepti·</span> 
     </span>
     <span class='ocr_line' id='line_1_32' title="bbox 288 3295 1221 3370; baseline 0.005 -16"><span class='ocrx_word' id='word_1_312' title='bbox 288 3298 374 3354; x_wconf 74' lang='lat' dir='ltr'>ritate</span> <span class='ocrx_word' id='word_1_313' title='bbox 393 3295 654 3361; x_wconf 78' lang='lat' dir='ltr'>Nortmeuuorum‚</span> <span class='ocrx_word' id='word_1_314' title='bbox 673 3297 725 3370; x_wconf 90' lang='lat' dir='ltr'>qui</span> <span class='ocrx_word' id='word_1_315' title='bbox 744 3315 811 3353; x_wconf 89' lang='lat' dir='ltr'>eum</span> <span class='ocrx_word' id='word_1_316' title='bbox 830 3297 862 3353; x_wconf 90' lang='lat' dir='ltr'>in</span> <span class='ocrx_word' id='word_1_317' title='bbox 881 3298 1045 3357; x_wconf 79' lang='lat' dir='ltr'>servitutem</span> <span class='ocrx_word' id='word_1_318' title='bbox 1064 3310 1221 3361; x_wconf 70' lang='lat' dir='ltr'>traxerant.</span> 
     </span>
    </p>

    <p class='ocr_par' dir='ltr' id='par_1_12' title="bbox 285 3383 1393 3648">
     <span class='ocr_line' id='line_1_33' title="bbox 330 3383 1392 3471; baseline 0.012 -30"><span class='ocrx_word' id='word_1_319' title='bbox 330 3385 362 3420; x_wconf 74' lang='lat'>⁵⁴</span> <span class='ocrx_word' id='word_1_320' title='bbox 403 3384 513 3442; x_wconf 77' lang='lat' dir='ltr'>Vredns</span> <span class='ocrx_word' id='word_1_321' title='bbox 541 3383 692 3443; x_wconf 77' lang='lat' dir='ltr'>duodecim</span> <span class='ocrx_word' id='word_1_322' title='bbox 721 3384 879 3444; x_wconf 77' lang='lat' dir='ltr'>solidorum</span> <span class='ocrx_word' id='word_1_323' title='bbox 899 3386 985 3444; x_wconf 80' lang='lat' dir='ltr'>etiem</span> <span class='ocrx_word' id='word_1_324' title='bbox 1006 3389 1164 3448; x_wconf 78' lang='lat' dir='ltr'>seeundum</span> <span class='ocrx_word' id='word_1_325' title='bbox 1184 3391 1205 3448; x_wconf 97' lang='lat' dir='ltr'>l.</span> <span class='ocrx_word' id='word_1_326' title='bbox 1227 3391 1392 3471; x_wconf 66' lang='grc'><strong>1111111130-</strong></span> 
     </span>
     <span class='ocr_line' id='line_1_34' title="bbox 287 3473 1391 3561; baseline 0.005 -27"><span class='ocrx_word' id='word_1_327' title='bbox 287 3494 351 3534; x_wconf 88' lang='lat' dir='ltr'>rum</span> <span class='ocrx_word' id='word_1_328' title='bbox 384 3475 449 3539; x_wconf 85' lang='lat' dir='ltr'>Vll.</span> <span class='ocrx_word' id='word_1_329' title='bbox 480 3473 556 3532; x_wconf 82' lang='lat' dir='ltr'>Ireb</span> <span class='ocrx_word' id='word_1_330' title='bbox 576 3493 609 3531; x_wconf 90' lang='lat' dir='ltr'>eo</span> <span class='ocrx_word' id='word_1_331' title='bbox 628 3475 803 3539; x_wconf 71' lang='lat' dir='ltr'>solvebatur.</span> <span class='ocrx_word' id='word_1_332' title='bbox 823 3477 902 3550; x_wconf 87' lang='lat' dir='ltr'>»qni</span> <span class='ocrx_word' id='word_1_333' title='bbox 921 3477 1068 3536; x_wconf 87' lang='lat' dir='ltr'>hominem</span> <span class='ocrx_word' id='word_1_334' title='bbox 1090 3479 1216 3548; x_wconf 83' lang='lat' dir='ltr'>liberum</span> <span class='ocrx_word' id='word_1_335' title='bbox 1236 3483 1316 3540; x_wconf 78' lang='lat' dir='ltr'>iufra</span> <span class='ocrx_word' id='word_1_336' title='bbox 1334 3503 1391 3561; x_wconf 77' lang='lat' dir='ltr'>pa-</span> 
     </span>
     <span class='ocr_line' id='line_1_35' title="bbox 285 3562 1393 3648; baseline 0.009 -26"><span class='ocrx_word' id='word_1_337' title='bbox 285 3566 371 3624; x_wconf 85' lang='lat' dir='ltr'>tn&#39;eru</span> <span class='ocrx_word' id='word_1_338' title='bbox 401 3562 600 3623; x_wconf 62' lang='lat' dir='ltr'>vendiderun.</span> <span class='ocrx_word' id='word_1_339' title='bbox 650 3564 687 3622; x_wconf 92' lang='lat' dir='ltr'>ln</span> <span class='ocrx_word' id='word_1_340' title='bbox 716 3563 807 3622; x_wconf 78' lang='lat' dir='ltr'>Frisia</span> <span class='ocrx_word' id='word_1_341' title='bbox 836 3565 970 3622; x_wconf 77' lang='lat' dir='ltr'>orientali</span> <span class='ocrx_word' id='word_1_342' title='bbox 1000 3568 1075 3625; x_wconf 87' lang='lat' dir='ltr'>Iredi</span> <span class='ocrx_word' id='word_1_343' title='bbox 1107 3571 1169 3628; x_wconf 86' lang='lat' dir='ltr'>loeo</span> <span class='ocrx_word' id='word_1_344' title='bbox 1197 3573 1393 3648; x_wconf 74' lang='lat' dir='ltr'>weregeldum</span> 
     </span>
    </p>
   </div>
   <div class='ocr_carea' id='block_1_9' title="bbox 284 3653 1508 3732">
    <p class='ocr_par' dir='ltr' id='par_1_13' title="bbox 284 3653 1508 3732">
     <span class='ocr_line' id='line_1_36' title="bbox 284 3653 1508 3732; baseline 0.007 -20"><span class='ocrx_word' id='word_1_345' title='bbox 284 3665 347 3712; x_wconf 83' lang='lat' dir='ltr'>eret</span> <span class='ocrx_word' id='word_1_346' title='bbox 375 3654 556 3719; x_wconf 76' lang='lat' dir='ltr'>solvendum,</span> <span class='ocrx_word' id='word_1_347' title='bbox 575 3653 651 3730; x_wconf 89' lang='lat' dir='ltr'>quod</span> <span class='ocrx_word' id='word_1_348' title='bbox 672 3654 723 3710; x_wconf 80' lang='lat' dir='ltr'>illu</span> <span class='ocrx_word' id='word_1_349' title='bbox 742 3655 775 3711; x_wconf 90' lang='lat' dir='ltr'>iu</span> <span class='ocrx_word' id='word_1_350' title='bbox 794 3653 911 3730; x_wconf 73' lang='lat' dir='ltr'>regione</span> <span class='ocrx_word' id='word_1_351' title='bbox 931 3656 1044 3732; x_wconf 75' lang='lat' dir='ltr'>eoepinr</span> <span class='ocrx_word' id='word_1_352' title='bbox 1064 3657 1172 3716; x_wconf 82' lang='lat' dir='ltr'>foetum</span> <span class='ocrx_word' id='word_1_353' title='bbox 1191 3679 1250 3716; x_wconf 81' lang='lat' dir='ltr'>esse</span> <span class='ocrx_word' id='word_1_354' title='bbox 1271 3662 1393 3720; x_wconf 89' lang='lat' dir='ltr'>demon·</span> <span class='ocrx_word' id='word_1_355' title='bbox 1507 3699 1508 3710; x_wconf 56' lang='lat'><strong>.</strong></span> 
     </span>
    </p>
   </div>
   <div class='ocr_carea' id='block_1_10' title="bbox 280 3741 1394 4364">
    <p class='ocr_par' dir='ltr' id='par_1_14' title="bbox 285 3741 973 3807">
     <span class='ocr_line' id='line_1_37' title="bbox 285 3741 973 3807; baseline 0.001 -6"><span class='ocrx_word' id='word_1_356' title='bbox 285 3753 377 3801; x_wconf 79' lang='lat' dir='ltr'>strant</span> <span class='ocrx_word' id='word_1_357' title='bbox 395 3744 416 3801; x_wconf 92' lang='lat' dir='ltr'>l.</span> <span class='ocrx_word' id='word_1_358' title='bbox 436 3742 509 3801; x_wconf 72' lang='lat' dir='ltr'>Irin.</span> <span class='ocrx_word' id='word_1_359' title='bbox 530 3743 572 3800; x_wconf 87' lang='lat' dir='ltr'>tit.</span> <span class='ocrx_word' id='word_1_360' title='bbox 593 3741 676 3807; x_wconf 80' lang='lat' dir='ltr'><strong>VIII,</strong></span> <span class='ocrx_word' id='word_1_361' title='bbox 695 3741 714 3798; x_wconf 93' lang='lat'><strong>2</strong></span> <span class='ocrx_word' id='word_1_362' title='bbox 732 3751 761 3799; x_wconf 90' lang='lat' dir='ltr'>et</span> <span class='ocrx_word' id='word_1_363' title='bbox 780 3741 834 3807; x_wconf 81' lang='lat' dir='ltr'>lx,</span> <span class='ocrx_word' id='word_1_364' title='bbox 855 3743 973 3802; x_wconf 73' lang='lat' dir='ltr'>Ill-16.</span> 
     </span>
    </p>

    <p class='ocr_par' dir='ltr' id='par_1_15' title="bbox 280 3829 1394 4088">
     <span class='ocr_line' id='line_1_38' title="bbox 319 3829 1393 3913; baseline 0.008 -24"><span class='ocrx_word' id='word_1_365' title='bbox 319 3831 358 3889; x_wconf 76' lang='lat'>.⁵⁵</span> <span class='ocrx_word' id='word_1_366' title='bbox 400 3829 496 3889; x_wconf 79' lang='lat' dir='ltr'>Verbo</span> <span class='ocrx_word' id='word_1_367' title='bbox 526 3830 632 3887; x_wconf 79' lang='lat' dir='ltr'>»ultre</span> <span class='ocrx_word' id='word_1_368' title='bbox 660 3830 807 3888; x_wconf 78' lang='lat' dir='ltr'>Lunbeohi</span> <span class='ocrx_word' id='word_1_369' title='bbox 838 3837 912 3890; x_wconf 86' lang='lat' dir='ltr'>eto.”</span> <span class='ocrx_word' id='word_1_370' title='bbox 945 3851 979 3889; x_wconf 92' lang='lat' dir='ltr'>eo</span> <span class='ocrx_word' id='word_1_371' title='bbox 997 3841 1124 3910; x_wconf 88' lang='lat' dir='ltr'>tempore</span> <span class='ocrx_word' id='word_1_372' title='bbox 1144 3837 1248 3913; x_wconf 71' lang='lat' dir='ltr'>scripte</span> <span class='ocrx_word' id='word_1_373' title='bbox 1268 3859 1328 3900; x_wconf 80' lang='lat' dir='ltr'>esse</span> <span class='ocrx_word' id='word_1_374' title='bbox 1348 3843 1393 3898; x_wconf 82' lang='lat' dir='ltr'>ri-</span> 
     </span>
     <span class='ocr_line' id='line_1_39' title="bbox 284 3916 1394 4004; baseline 0.001 -27"><span class='ocrx_word' id='word_1_375' title='bbox 284 3922 402 3983; x_wconf 78' lang='lat' dir='ltr'>dentur,</span> <span class='ocrx_word' id='word_1_376' title='bbox 428 3937 487 3994; x_wconf 90' lang='lat' dir='ltr'>quo</span> <span class='ocrx_word' id='word_1_377' title='bbox 515 3937 583 3994; x_wconf 78' lang='lat' dir='ltr'>perr</span> <span class='ocrx_word' id='word_1_378' title='bbox 612 3917 738 3975; x_wconf 81' lang='lat' dir='ltr'>seeundo</span> <span class='ocrx_word' id='word_1_379' title='bbox 766 3916 838 3995; x_wconf 75' lang='lat' dir='ltr'>legin</span> <span class='ocrx_word' id='word_1_380' title='bbox 870 3917 942 3978; x_wconf 73' lang='lat' dir='ltr'>Fris.</span> <span class='ocrx_word' id='word_1_381' title='bbox 962 3922 1151 3990; x_wconf 79' lang='lat' dir='ltr'>oondobetur,</span> <span class='ocrx_word' id='word_1_382' title='bbox 1171 3925 1235 3982; x_wconf 78' lang='lat' dir='ltr'>ride</span> <span class='ocrx_word' id='word_1_383' title='bbox 1254 3930 1394 4004; x_wconf 71' lang='lat' dir='ltr'>praeferi.</span> 
     </span>
     <span class='ocr_line' id='line_1_40' title="bbox 280 4007 996 4088; baseline -0.001 -19"><span class='ocrx_word' id='word_1_384' title='bbox 280 4026 366 4069; x_wconf 82' lang='lat' dir='ltr'>eoem</span> <span class='ocrx_word' id='word_1_385' title='bbox 386 4010 443 4088; x_wconf 69' lang='lat' dir='ltr'>leg.</span> <span class='ocrx_word' id='word_1_386' title='bbox 460 4007 534 4070; x_wconf 74' lang='grc'><strong>11111.</strong></span> <span class='ocrx_word' id='word_1_387' title='bbox 551 4027 581 4086; x_wconf 91' lang='lat' dir='ltr'>p.</span> <span class='ocrx_word' id='word_1_388' title='bbox 601 4007 709 4066; x_wconf 86' lang='lat' dir='ltr'>XXXII</span> <span class='ocrx_word' id='word_1_389' title='bbox 728 4017 756 4065; x_wconf 91' lang='lat' dir='ltr'>et</span> <span class='ocrx_word' id='word_1_390' title='bbox 774 4009 851 4068; x_wconf 87' lang='lat' dir='ltr'>oouf.</span> <span class='ocrx_word' id='word_1_391' title='bbox 868 4019 929 4070; x_wconf 86' lang='lat' dir='ltr'>not.</span> <span class='ocrx_word' id='word_1_392' title='bbox 947 4009 996 4068; x_wconf 92' lang='grc'>51.</span> 
     </span>
    </p>

    <p class='ocr_par' dir='ltr' id='par_1_16' title="bbox 281 4097 1392 4364">
     <span class='ocr_line' id='line_1_41' title="bbox 326 4097 1392 4174; baseline 0.01 -19"><span class='ocrx_word' id='word_1_393' title='bbox 326 4097 357 4132; x_wconf 76' lang='lat'>⁵⁸</span> <span class='ocrx_word' id='word_1_394' title='bbox 401 4098 529 4158; x_wconf 75' lang='lat' dir='ltr'>Titulum</span> <span class='ocrx_word' id='word_1_395' title='bbox 560 4097 644 4157; x_wconf 86' lang='lat' dir='ltr'><strong>XXII</strong></span> <span class='ocrx_word' id='word_1_396' title='bbox 676 4098 747 4174; x_wconf 76' lang='lat' dir='ltr'>legis</span> <span class='ocrx_word' id='word_1_397' title='bbox 777 4098 940 4158; x_wconf 76' lang='lat' dir='ltr'>Frisiorum</span> <span class='ocrx_word' id='word_1_398' title='bbox 972 4099 1004 4158; x_wconf 93' lang='lat' dir='ltr'>in</span> <span class='ocrx_word' id='word_1_399' title='bbox 1033 4119 1118 4160; x_wconf 76' lang='lat' dir='ltr'>tuum</span> <span class='ocrx_word' id='word_1_400' title='bbox 1149 4102 1258 4164; x_wconf 80' lang='lat' dir='ltr'>Vrieiee</span> <span class='ocrx_word' id='word_1_401' title='bbox 1278 4107 1392 4166; x_wconf 69' lang='lat' dir='ltr'>mediae</span> 
     </span>
     <span class='ocr_line' id='line_1_42' title="bbox 282 4187 1391 4266; baseline 0.009 -21"><span class='ocrx_word' id='word_1_402' title='bbox 282 4189 421 4266; x_wconf 74' lang='lat' dir='ltr'>seriptum</span> <span class='ocrx_word' id='word_1_403' title='bbox 441 4206 512 4252; x_wconf 80' lang='lat' dir='ltr'>eree,</span> <span class='ocrx_word' id='word_1_404' title='bbox 529 4189 670 4265; x_wconf 84' lang='lat' dir='ltr'>probetur</span> <span class='ocrx_word' id='word_1_405' title='bbox 690 4187 845 4264; x_wconf 67' lang='lat' dir='ltr'>„epilogo”</span> <span class='ocrx_word' id='word_1_406' title='bbox 867 4188 959 4254; x_wconf 85' lang='lat' dir='ltr'>tituli,</span> <span class='ocrx_word' id='word_1_407' title='bbox 978 4191 1051 4248; x_wconf 84' lang='lat' dir='ltr'>conf.</span> <span class='ocrx_word' id='word_1_408' title='bbox 1073 4191 1244 4258; x_wconf 76' lang='lat' dir='ltr'><strong>xx¹1‚90;</strong></span> <span class='ocrx_word' id='word_1_409' title='bbox 1264 4195 1391 4256; x_wconf 82' lang='lat' dir='ltr'>eundern</span> 
     </span>
     <span class='ocr_line' id='line_1_43' title="bbox 281 4275 1391 4364; baseline 0.009 -32"><span class='ocrx_word' id='word_1_410' title='bbox 281 4279 348 4338; x_wconf 85' lang='lat' dir='ltr'>dion</span> <span class='ocrx_word' id='word_1_411' title='bbox 364 4284 490 4364; x_wconf 77' lang='lat' dir='ltr'>partem</span> <span class='ocrx_word' id='word_1_412' title='bbox 520 4277 592 4354; x_wconf 76' lang='lat' dir='ltr'>legio</span> <span class='ocrx_word' id='word_1_413' title='bbox 622 4275 746 4340; x_wconf 77' lang='lat' dir='ltr'>Frisioee</span> <span class='ocrx_word' id='word_1_414' title='bbox 777 4278 994 4344; x_wconf 73' lang='lat' dir='ltr'>vetustissimae,</span> <span class='ocrx_word' id='word_1_415' title='bbox 1017 4288 1103 4356; x_wconf 84' lang='lat' dir='ltr'>etque</span> <span class='ocrx_word' id='word_1_416' title='bbox 1122 4292 1328 4359; x_wconf 77' lang='lat' dir='ltr'>argumentum</span> <span class='ocrx_word' id='word_1_417' title='bbox 1347 4295 1391 4342; x_wconf 80' lang='lat' dir='ltr'>eet</span> 
     </span>
    </p>
   </div>
   <div class='ocr_carea' id='block_1_11' title="bbox 0 0 1520 5174">
    <p class='ocr_par' dir='ltr' id='par_1_17' title="bbox 0 0 1520 5174">
     <span class='ocr_line' id='line_1_44' title="bbox 0 0 1520 5174; baseline 0 0"><span class='ocrx_word' id='word_1_418' title='bbox 0 0 1520 5174; x_wconf 95' lang='lat' dir='ltr'> </span> 
     </span>
    </p>
   </div>
  </div>
 </body>
</html>
