3098 5176
351 414 441 460 xxVI
773 412 845 458 Lex
865 411 1069 460 sermonum.

353 616 535 684 memoriam
575 615 608 684 S.
647 616 821 695 Bonifacii,
860 617 994 682 ecclesia
1029 626 1098 682 erat
1134 624 1314 695 exstructa,
1351 639 1452 703 quam

338 711 553 790 'vocaverunt
583 721 843 802 Dokin-Kirika,
872 721 991 788 ibidem
1015 718 1049 787 S.
1073 720 1280 806 Willehadus
1304 730 1454 808 tempore

171 915 178 924 Ἰ
354 825 506 917 Gregorii
537 827 732 894 domicilium
763 828 992 907 collocaverat,
1021 837 1056 892 et
1087 826 1205 892 multos
1228 826 1391 893 Frisiones
1416 829 1452 892 in

166 917 170 927 ’
213 940 262 1027 '3⁴
306 919 311 927 ¹
353 935 530 1000 doctrinam
561 934 764 999 christianam
797 934 971 1010 convertit3
995 955 1096 1018 quum
1121 953 1197 998 vero
1221 933 1307 998 circa
1330 955 1451 998 annum

355 1042 420 1106 779
449 1049 582 1106 conatus
606 1050 690 1105 esset
712 1039 881 1104 Laubachi
904 1037 1041 1117 flumen,
1067 1037 1154 1124 quod
1177 1037 1240 1102 fuit
1262 1037 1334 1104 finis
1358 1038 1453 1126 regni

353 1145 562 1224 Franconici,
597 1144 731 1212 docendi
768 1166 865 1209 cansa
899 1145 1053 1224 transire,
1087 1145 1120 1208 in
1155 1142 1241 1208 vitae
1269 1144 1453 1229 periculum

352 1250 510 1316 adductus
536 1261 568 1316 et
591 1251 625 1315 in
648 1251 794 1338 regiones
818 1251 902 1316 inter
925 1248 980 1314 Fli
1003 1259 1036 1314 et
1059 1248 1228 1313 Laubachi
1252 1249 1327 1313 sitas
1343 1248 1454 1315 redire

351 1365 483 1421 coactus
515 1367 563 1420 est
580 1360 622 1418 ³⁸.
677 1353 733 1420 Ab
764 1377 848 1419 anno
882 1354 947 1419 775
980 1375 1084 1439 usque
1112 1352 1154 1419 ad
1178 1374 1297 1420 annum
1323 1355 1389 1420 782
1417 1352 1454 1420 S.
1532 1399 1533 1410 .

351 1461 520 1548 Liudgero
552 1485 660 1527 rerum
688 1483 850 1526 sacrarum
875 1482 954 1526 cure
977 1461 1010 1526 in
1035 1458 1249 1525 Dokinlririka
1272 1470 1342 1526 erat
1365 1482 1455 1526 com·
1532 1443 1533 1460 ¹

345 1568 447 1658 missa
464 1571 506 1633 ³⁹.
949 1565 954 1576 “

301 1762 311 1790 l
401 1781 435 1866 c)
482 1776 936 1844 Frisiaorientalis
968 1775 1372 1844 interLeubaohi
1409 1788 1457 1842 et

90 1953 94 1960 ,
230 1966 234 1981 ⁸
357 1883 592 1950 Wiseram
616 1878 720 1948 sita.
767 1880 928 1948 Frisiones
952 1881 1038 1947 ultra
1060 1880 1231 1948 Laubachi
1253 1880 1371 1946 flumen
1396 1882 1457 1947 lra-

50 1971 69 2023 ''7
88 1995 92 2005 '
110 1969 134 2010 ’ὃ
180 1993 185 2008 '
220 1980 229 2073 ἶ
267 1978 281 2070 ,’
314 2059 321 2077 Ἴ,
354 1988 493 2055 bitantes
517 2011 621 2074 usque
653 1987 694 2053 ad
718 2009 838 2051 annum
864 1988 929 2051 781
957 1988 1038 2053 ritus
1067 2008 1209 2074 paganos
1233 1987 1458 2067 retinuerunt,

176 2178 181 2186 ι
244 2147 252 2188 ι
281 2079 332 2187 ,is
354 2116 460 2179 neque
490 2093 624 2158 Francis
657 2103 748 2159 erant
779 2092 934 2170 subiecti3
962 2103 1039 2158 tunc
1063 2091 1098 2158 S.
1122 2091 1356 2158 Willibrordus
1379 2092 1458 2158 Fri·

180 2184 184 2192 ’
265 2162 332 2302 (4⁸55
354 2199 459 2264 siones
494 2195 536 2264 ad
571 2221 607 2263 os
642 2196 791 2263 Wisaree
827 2207 864 2260 ut
895 2196 1024 2264 videtur
1047 2199 1080 2262 in
1104 2220 1189 2286 pago
1212 2198 1354 2278 Riustri,
1377 2221 1457 2263 con-

113 2303 175 2394 ‘⁸1'
204 2306 216 2378 ἓ,
255 2295 265 2333 ““
318 2330 338 2362 .·
356 2303 454 2370 vertit
498 2303 539 2368 ad
584 2303 706 2370 cultum
751 2302 959 2369 christianum
977 2307 1032 2381 ⁴⁰3
1075 2326 1181 2389 neque
1226 2313 1333 2369 tamen
1372 2326 1457 2390 opus

166 2392 230 2505 ‘i'
261 2391 310 2463 ¹.''''
357 2409 522 2498 inceptum
558 2432 713 2498 prospere
748 2408 918 2488 suecessit,
953 2430 1036 2475 anno
1068 2409 1152 2473 enim
1182 2409 1330 2494 sequenti
1353 2407 1457 2474 Frisi-

16 2499 20 2604 [
160 2511 201 2586 β’
238 2558 265 2584 ».
291 2491 300 2512 “
357 2539 434 2582 ones
469 2539 577 2580 omnes
612 2517 697 2581 inter
731 2513 894 2579 Wisaram
933 2525 966 2578 et
1000 2512 1053 2578 Fli
1089 2513 1241 2603 degentes
1269 2515 1456 2580 societatem

123 2605 138 2627 '¹
357 2621 498 2686 inierunt
537 2642 611 2685 cum
652 2617 854 2684 Widulrindo
897 2617 979 2682 duce
1018 2615 1200 2698 Saxonum,
1241 2620 1298 2706 qui
1336 2619 1457 2686 bellum

355 2727 546 2794 acerrimum
578 2734 689 2790 contra
718 2723 878 2789 Karolum
910 2746 1019 2812 regem
1051 2735 1244 2810 susceperat.
1299 2721 1458 2791 Sacerdo-

358 2844 406 2899 tes
441 2831 606 2898 christiani
641 2853 681 2894 ex
714 2827 820 2894 Frisia
856 2829 1002 2894 orientali
1039 2839 1071 2893 et
1103 2828 1287 2916 regionibus
1314 2830 1458 2896 finitimis

362 2948 438 3004 sunt
468 2936 611 3022 expulsi,
646 2945 679 3000 et
714 2935 815 3000 omnis
839 2933 944 3000 Frisia
967 2935 1052 3000 inter
1074 2932 1238 3001 Wisaram
1261 2945 1294 2999 et
1316 2934 1459 3001 Flevum

360 3044 421 3108 sita
443 3041 540 3109 rediit
563 3038 614 3105 ed¹
630 3037 705 3104 deos
729 3038 850 3125 patrios
874 3050 907 3104 et
930 3038 1108 3104 libertatem
1133 3050 1275 3105 veterem
1293 3043 1335 3103 ⁴¹.
1383 3041 1458 3108 Tri·

396 3256 455 3321 (88)
489 3255 520 3304 In
547 3254 612 3304 Vita
637 3251 666 3304 S.
692 3252 836 3304 Willehadi
863 3260 969 3304 auctore
996 3254 1145 3306 Anslrario:
1171 3255 1235 3306 Inde
1252 3273 1308 3306 vero
1322 3259 1458 3324 procedens

362 3335 480 3388 transicit
496 3335 592 3398 flumen
617 3331 735 3396 Lovelee,
751 3334 861 3398 venitque
888 3333 923 3383 ad
938 3334 1014 3384 locam
1030 3333 1193 3396 Humarclm5
1211 3337 1289 3401 ibique
1306 3338 1386 3402 eoepit
1402 3340 1458 3389 bar·

360 3418 429 3468 boris
446 3431 529 3465 nomen
545 3411 651 3464 Domini
662 3411 810 3478 praedicare
819 3431 829 3472 ,·
846 3430 893 3476 qao
911 3413 995 3464 andito
1010 3431 1071 3479 qens
1080 3415 1142 3474 seru
1159 3417 1223 3466 dixit
1239 3433 1305 3466 ream
1327 3433 1380 3468 esse
1396 3435 1459 3468 mor·

361 3500 393 3548 tis
411 3504 475 3558 etc.;
493 3495 636 3546 dimiserunt
654 3510 704 3544 eum
722 3501 786 3556 etc,
803 3493 876 3544 Mon.
894 3492 927 3544 G.
946 3493 996 3545 SE.
1010 3494 1047 3544 ΙΙ.
1064 3510 1092 3559 p.
1108 3500 1167 3546 ³80.

394 3580 454 3644 (39)
488 3576 551 3626 Vita
577 3573 605 3626 S.
628 3574 726 3638 Liudg.
748 3573 771 3624 Ι.
797 3589 818 3623 c.
848 3578 890 3623 15:
917 3573 1049 3624 Albem'cue
1067 3591 1117 3624 eum
1135 3577 1268 3626 constitnit
1284 3577 1404 3628 doctorem
1422 3596 1458 3629 ec·

359 3661 447 3711 clesiae
465 3658 491 3707 in
505 3674 572 3723 paqo
594 3653 727 3717 Ostracle,
743 3654 769 3704 in
787 3654 838 3704 loeo
857 3656 899 3705 aba
914 3652 942 3706 S.
958 3654 1109 3718 Bonisaee'ne
1125 3656 1244 3721 martyrio
1262 3665 1298 3706 est
1315 3669 1458 3720 coronatas,

360 3742 432 3790 Mon.
451 3736 484 3786 G.
502 3734 550 3784 SS.
567 3733 603 3782 11.
620 3749 647 3797 p.
664 3737 723 3781 409.
757 3731 813 3782 Cir.
832 3731 958 3795 Rettberg
975 3733 1115 3796 Kircheng.
1133 3733 1168 3782 D.
1185 3733 1222 3784 11.
1239 3749 1265 3797 p.
1283 3739 1340 3784 538.

395 3817 453 3881 (40)
487 3814 551 3864 Vita
577 3809 605 3860 S.
632 3810 788 3860 Willehsdi:
812 3811 880 3860 misit
899 3811 1031 3874 (Kerolus
1053 3812 1103 3876 Μ.)
1121 3829 1173 3863 eum
1191 3814 1217 3863 in
1233 3822 1317 3878 partes
1334 3812 1460 3867 Senoniae

360 3897 395 3949 ad
407 3909 498 3961 panum
520 3889 708 3956 Wiymodin..,·
727 3897 749 3937 et
766 3889 792 3939 in
809 3907 875 3939 anno
902 3891 1007 3941 seeundo
1024 3892 1055 3955 (i.
1073 3907 1096 3942 c.
1115 3894 1176 3956 781)
1195 3903 1243 3943 tam
1259 3887 1372 3946 &sones
1389 3913 1459 3960 queem

360 3986 383 4028 et
408 3973 528 4024 Resones
553 3971 578 4019 in
603 3967 706 4017 circnim
733 3979 954 4033 commemorantes,
973 3988 1053 4020 omnes
1070 3988 1096 4021 se
1109 3973 1207 4038 pariter
1217 3972 1281 4035 fieri
1294 3977 1460 4040 promiserunt

359 4054 524 4114 christianos,
549 4050 622 4100 Mon.
639 4045 673 4098 G.
698 4046 737 4098 11.
758 4063 784 4114 p.
811 4055 877 4112 481,
895 4056 920 4100 et
937 4052 1033 4102 confer.
1051 4051 1149 4103 Cliton.
1164 4053 1298 4104 Moissiac·
1315 4057 1350 4106 ed
1368 4071 1392 4106 a.
1411 4059 1460 4106 780

354 4164 356 4168 «
424 4170 431 4185 .
475 4166 482 4182 .
515 4165 522 4182 .
557 4133 639 4180 ,296-

357 4133 474 4280 ΜᾞΙῗ
493 4131 556 4262 ll'illi
583 4208 611 4260 S.
636 4209 762 4272 Liudgeri
786 4210 808 4259 1.
834 4225 856 4260 c.
885 4215 930 4260 18:
946 4213 1100 4264 consurrexit
1125 4209 1251 4262 ll'z'dakt'nt
1268 4213 1319 4265 dur
1334 4212 1460 4266 &eonem
