3020 5174
364 435 394 501 'I'
416 455 430 499 1
453 455 490 520 u.
506 434 627 501 XXII.
669 435 842 522 §tt-48.
1119 435 1160 498 77

66 633 124 710 Qun
155 633 188 689 in
218 649 250 688 re
270 632 332 689 viro
350 630 512 690 doctissimo
532 631 612 690 haud
630 633 787 698 coueentio,
806 632 968 690 teafimonio
986 631 1065 691 euim
1084 630 1165 707 cepi·

64 722 191 780 tulorum
221 739 237 778 e
266 721 329 798 lege
358 720 466 780 I'rieica
495 722 662 789 allatorum,
679 723 875 800 weregeldum
893 721 1050 780 dimidium
1070 720 1163 778 mulc-

64 821 121 868 tam
152 810 221 868 feeit
249 811 326 868 oculi
345 811 431 876 eruti,
451 831 633 887 requerere
650 813 728 870 oculi
748 814 809 870 rien
828 813 949 891 privatie
970 830 1005 869 ac
1024 829 1167 868 numeru»

65 899 118 978 20}
147 899 339 959 confirmatur
365 901 499 977 capitulis
529 899 566 958 47
595 911 624 958 et
653 900 691 960 48
728 902 772 960 tit.
802 901 847 961 Ill
874 901 969 959 ledit.
1012 901 1093 977 Sap,
1130 901 1163 957 in

65 989 182 1066 quibus,
210 997 241 1047 ut
261 1008 352 1067 supra
370 990 524 1056 illustravi,
541 991 666 1049 mulctae
684 992 759 1050 oculi
779 991 907 1050 diversae
926 989 1168 1066 multiplicatione

65 1079 179 1136 numeri
209 1077 248 1135 20
277 1087 345 1136 suut
373 1080 524 1143 formatae,
550 1080 592 1138 ita
620 1090 652 1138 ut
679 1081 797 1139 fortasse
826 1099 967 1139 numerus
995 1079 1100 1157 »204⁹
1130 1080 1164 1136 iu

66 1167 149 1226 „20”
172 1167 209 1226 eit
226 1168 422 1245 corrigendus.
464 1168 505 1226 lle
522 1169 648 1229 laesione
668 1169 875 1248 palpebrarum
894 1180 924 1228 et
943 1169 1163 1247 superciliorum

64 1258 208 1316 disserunt
227 1258 353 1334 capitula
376 1258 411 1315 14
430 1267 459 1316 et
481 1258 515 1316 15
536 1259 578 1318 tit.
598 1258 682 1317 XXII
701 1260 758 1337 leg.
777 1259 850 1318 uris.

103 1347 134 1382 ⁸⁵
181 1347 278 1408 terta
307 1347 426 1424 capituli
456 1346 511 1405 472
540 1351 569 1406 ei
599 1350 667 1424 quie
696 1352 794 1406 alium
818 1357 926 1424 pectere
937 1350 1106 1422 furaverit,
1129 1345 1166 1404 12

66 1438 176 1494 solidor
204 1446 370 1512 corruperat,
397 1437 582 1496 illustrantur
611 1447 699 1516 atque
728 1440 923 1498 emendantur
940 1438 987 1502 iie,
1005 1456 1080 1513 queo
1105 1435 1165 1513 legi

67 1525 167 1582 uddita
185 1535 253 1583 suut
271 1527 304 1583 iu
325 1526 479 1585 Additioue
498 1527 566 1603 Sap.
587 1527 643 1593 Ill,
661 1527 715 1589 452
737 1531 766 1586 ai
785 1531 853 1605 quia
872 1529 972 1585 alitem
992 1529 1026 1583 in
1045 1533 1165 1600 tergum

66 1624 117 1673 eut
140 1624 251 1691 pectere
281 1619 329 1673 ito
359 1619 576 1682 vulneraverit,
603 1626 640 1675 ut
658 1620 768 1675 vulnue
786 1619 895 1675 conari
914 1637 971 1674 non
984 1616 1094 1690 percit,
1113 1613 1167 1671 rod

64 1723 116 1778 per
137 1706 272 1780 fistulae
300 1708 398 1763 caniet
428 1706 585 1770 deotcrrct,
615 1713 660 1763 ter
691 1706 726 1763 12
755 1707 866 1764 eolides
887 1713 1051 1780 componat.
1090 1703 1167 1760 Loco

66 1792 184 1852 laudato
203 1795 364 1853 Additiouie
383 1787 491 1853 mulcta
510 1795 632 1872 pectoris
651 1795 796 1854 vulnerati
814 1794 959 1872 triplicata
978 1801 1030 1858 eat,
1049 1802 1082 1850 ut
1098 1792 1166 1870 pln-

66 1885 156 1942 rimee
186 1885 311 1941 mulctae
338 1883 490 1942 Additioue
519 1885 587 1961 Sap.
616 1894 683 1942 aunt
710 1885 882 1962 triplicatae,
910 1904 982 1961 quae
1012 1882 1059 1940 lex
1077 1881 1167 1940 I'riei-

67 1993 154 2031 onum
186 1975 380 2038 constituerat,
409 1993 502 2049 neque
522 1982 618 2031 tamen
638 1993 729 2052 genus
749 1974 875 2033 vulneris
894 1982 936 2032 est
955 1981 1111 2036 mutatum,
1129 1971 1166 2028 de

68 2082 119 2138 quo
150 2063 312 2140 capitulum
333 2064 419 2122 rerba
439 2063 526 2126 facitt
546 2083 580 2121 oc
599 2083 751 2140 uunquam
771 2074 846 2120 certe
864 2072 962 2140 pectur
981 2063 1062 2120 omni
1081 2061 1168 2118 modo

66 2154 194 2211 foratum
224 2171 259 2210 ex
288 2152 414 2230 capitulo
444 2152 480 2209 47
509 2153 579 2229 legis
606 2152 679 2212 Fris.
708 2152 859 2211 duodecim
878 2152 976 2209 solidis
994 2161 1056 2209 erat
1075 2150 1170 2209 mulc-

68 2245 206 2307 tandum
237 2242 313 2300 conf.
339 2243 371 2298 in
400 2240 456 2318 leg.
486 2241 558 2300 Iris.
587 2242 1007 2307 XX11,52=eiinoentron
1027 2243 1167 2299 vulneru-

69 2338 165 2398 oerit,
198 2331 233 2390 12
263 2333 316 2389 sot.
345 2350 459 2405 correp,
487 2340 515 2388 et
544 2332 576 2387 iu
604 2332 660 2408 leg.
687 2332 760 2389 Fris.
787 2330 893 2396 XXII,
920 2330 977 2388 232
1008 2333 1036 2386 εἰ
1055 2338 1168 2386 eertum

69 2431 273 2480 transversam
301 2421 458 2484 inciderit,
490 2420 525 2477 12
556 2419 617 2496 (ter
649 2419 683 2476 12
710 2419 783 2478 ldd.
803 2418 860 2485 111,
880 2419 930 2491 30)
950 2419 1038 2475 solid.
1059 2437 1168 2492 cmnp.,·

69 2522 93 2569 et
111 2511 180 2570 ride
198 2511 219 2569 1.
239 2509 299 2568 sat.
318 2509 382 2574 XX,
401 2508 419 2567 6
439 2508 498 2582 (ed.
517 2508 628 2567 Merkel
647 2528 714 2568 nor.
738 2509 822 2582 190)=
842 2511 870 2566 ei
889 2512 976 2565 intro
995 2516 1092 2565 coetae
1110 2514 1166 2564 aut

69 2605 99 2658 in
125 2609 232 2659 ventre
259 2601 378 2662 miam't
398 2602 516 2663 melmae,
538 2608 565 2656 et
584 2608 694 2657 currat
713 2609 741 2657 et
769 2618 827 2657 reon
854 2606 956 2664 eareat,
981 2596 1036 2674 62}
1068 2595 1171 2660 solid„

68 2692 141 2749 conf.
163 2690 251 2747 etiam
277 2688 299 2745 l.
328 2687 389 2747 Sal.
409 2706 465 2745 ern.
485 2688 563 2754 XIX,
582 2687 600 2746 6
619 2689 677 2763 (ed.
697 2688 808 2747 Merkel
827 2708 894 2746 nor.
915 2685 965 2760 48)
983 2695 1011 2743 et
1031 2686 1053 2745 1.
1072 2686 1166 2743 Alam.

69 2778 176 2838 LXIII.
204 2776 246 2835 lle
264 2777 327 2836 iure
346 2778 456 2835 Frisiee
474 2779 630 2835 recentiore
649 2779 725 2838 conf.
746 2778 834 2836 unes.
854 2777 1000 2836 Worterb.
1021 2775 1075 2832 sub
1108 2793 1170 2833 roc.

70 2871 168 2934 motat,
184 2867 245 2925 dulc
264 2875 291 2924 et
310 2868 385 2926 aide.

108 2957 140 2992 ⁸⁸
185 2956 228 3014 Ex
247 2956 379 3033 eupitttlis
400 2954 438 3014 48
456 2964 484 3012 et
504 2954 542 3014 49
561 2955 739 3014 mulctantur
759 2977 775 3011 e
786 2955 953 3033 praecordia
963 2953 1059 3031 gladio
1071 2957 1164 3010 tuota''

74 3045 105 3104 18
131 3046 166 3118 (i.
196 3065 223 3103 e.
257 3045 377 3121 12÷6)
404 3044 514 3110 eolidir,
544 3046 735 3123 »perforata”
765 3055 861 3103 antem
892 3043 931 3101 24
950 3045 983 3121 (1.
1004 3063 1029 3101 e.
1049 3040 1170 3115 2><l2)

71 3135 185 3198 solidiue
222 3142 250 3191 et
288 3134 455 3211 praecordia
485 3133 668 3191 illustrantur
699 3153 763 3192 voce
793 3136 949 3211 composita
978 3134 1172 3198 hert-homo,

72 3225 122 3282 sub
151 3243 212 3299 qua
241 3223 463 3300 Intelligendum
482 3232 523 3281 eet
544 3224 745 3282 testimenium
765 3224 868 3289 cordis,
886 3224 911 3281 si
929 3222 1028 3280 eadem
1048 3222 1086 3279 ed
1105 3239 1171 3280 vera

73 3315 140 3371 bum
172 3313 355 3378 transfertur,
381 3313 428 3369 rel
457 3315 638 3371 ltere-beutel
664 3315 695 3370 iu
719 3312 789 3370 diel.
810 3315 898 3372 theot.
918 3331 987 3376 reo..
1005 3313 1025 3369 i.
1046 3331 1072 3368 e.
1090 3311 1173 3386 peri·⁴

73 3403 211 3461 cerdium.
261 3401 366 3460 Vocem
403 3402 496 3482 ipsam
526 3405 713 3466 hert-lamo,
741 3403 804 3460 loeo
832 3402 904 3478 legia
933 3401 1005 3459 Iris.
1033 3408 1171 3476 excepto,

74 3492 187 3551 nonnisi
217 3493 247 3548 iu
277 3510 407 3549 sermone
437 3491 663 3569 Angloeaxouioo
681 3490 749 3568 legI,
768 3491 832 3548 vide
851 3491 923 3566 Lye,
942 3492 994 3566 qui
1013 3489 1115 3546 laudat
1134 3489 1168 3544 iu

74 3579 247 3639 Ilictionario
276 3580 417 3639 Saronico
447 3583 641 3639 decri-huma
669 3599 704 3637 ex
733 3579 831 3637 Exodo
861 3579 911 3644 29,
936 3579 988 3642 22,
1013 3588 1042 3634 et
1070 3580 1167 3636 tecet.

75 3671 162 3728 lema
192 3689 227 3728 ex
257 3671 345 3728 Aelfr.
376 3671 489 3730 Gloeeie.
538 3669 620 3727 Libri
649 3669 720 3725 iuris
738 3669 841 3726 Frisici
859 3666 1025 3726 recentioris
1043 3683 1167 3723 comme·

74 3768 186 3817 morant
214 3769 340 3835 raptum
360 3761 551 3836 praecordii,
580 3759 618 3816 id
645 3767 687 3816 ert
718 3761 891 3834 herta-senff
919 3756 1009 3815 Fries.
1034 3755 1173 3830 Reeuuq.

75 3868 103 3922 p.
132 3848 181 3914 96.
209 3848 244 3906 31
275 3859 302 3906 et
331 3850 508 3907 liert-bledie
527 3849 665 3906 oen-oret
683 3848 756 3906 ibid.
776 3869 805 3925 p.
826 3847 894 3912 467,
915 3846 963 3906 23.
1003 3845 1115 3905 elosae
1133 3843 1167 3906 in.

76 3936 193 3997 dialecto
212 3939 348 3996 theotisca
366 3957 430 4015 sup.
451 3946 505 3995 ret.
526 3937 647 4013 scriptae
666 3940 845 3996 transferunt
864 3935 1030 4014 praecordia
1051 3934 1171 3992 vocibus

75 4028 274 4101 ampl-derra,
294 4029 475 4100 fur-herm,
492 4027 735 4101 sora-heroidu;
763 4027 825 4084 ride
853 4025 935 4084 Graii
961 4024 1012 4082 lt.
1031 4043 1060 4099 p.
1084 4022 1171 4086 1047.

76 4113 177 4174 Notata
209 4115 334 4174 maxime
364 4115 452 4194 digna
482 4125 524 4172 eet
553 4116 648 4173 forma
677 4116 752 4173 vecie
782 4117 962 4180 liert-homo,
991 4131 1066 4189 quae
1088 4111 1166 4172 ltaud

76 4204 224 4281 respondet
254 4204 382 4263 dialectis
410 4204 520 4264 Fririae
548 4204 773 4269 transiieranae,
801 4223 835 4262 uc
864 4202 1013 4280 perspicue
1038 4202 1171 4278 designet

77 4289 228 4354 dialectum
260 4304 382 4356 veterem
403 4294 513 4356 Frisiae
532 4293 713 4358 cirileranae,
731 4313 788 4374 qua
809 4294 840 4352 iu
859 4301 948 4358 terra,
967 4311 1001 4355 ex
1022 4311 1084 4356 tneo
1102 4289 1173 4371 qul
