3020 5174
734 425 805 472 Lux
825 423 1033 474 FRISIONUM·

858 650 905 696 vl.

377 733 415 801 Si
447 737 583 802 liberum
616 737 786 817 occiderit,
818 737 936 803 solidos
966 735 1055 802 LIII
1084 745 1116 800 et
1140 755 1240 799 unum
1267 731 1426 797 denarium

330 841 444 922 solvat,
484 855 517 910 et
557 844 582 908 ai
622 845 807 932 negaverit,
847 867 920 910 eum
961 843 1110 910 undecim
1150 839 1426 906 sacramentalibus

327 947 423 1014 iuret.

851 1072 912 1120 vn.
1478 1129 1479 1134 ,

378 1157 415 1225 si
446 1158 540 1224 litum
571 1159 735 1245 occiderit,
765 1159 882 1225 solidos
910 1158 1059 1226 XXVII
1082 1181 1148 1224 uno
1172 1155 1307 1224 denario
1332 1155 1427 1221 minue
1478 1149 1479 1232 ζ

330 1278 499 1352 componat
531 1265 658 1330 domino
682 1288 767 1378 pun,
804 1277 836 1331 et
867 1266 1056 1353 propinquis
1094 1265 1187 1330 oeeisi
1228 1261 1348 1328 solidos
1380 1261 1427 1326 IX
1478 1235 1479 1316 i

329 1376 496 1457 exceptat
530 1372 625 1436 tertia
649 1382 739 1458 parte
763 1372 859 1436 unius
884 1372 1024 1451 denarii,
1048 1383 1081 1436 et
1105 1370 1131 1435 si
1153 1371 1342 1458 negaverit,
1362 1391 1426 1433 cum

329 1477 471 1563 quinque
496 1477 777 1542 sacramentalibus
801 1477 895 1541 iuret.

841 1602 917 1647 vm.

374 1685 409 1753 Si
434 1688 510 1752 litus
534 1687 671 1752 nobilem
696 1687 860 1769 occiderit,
885 1687 1030 1752 similiter
1047 1685 1193 1751 LXXX
1212 1685 1333 1750 solidos
1349 1708 1426 1751 com·

327 1804 443 1877 ponat,
471 1804 528 1858 aut
552 1793 578 1856 si
602 1793 788 1879 negaverit,
811 1816 885 1858 cum
910 1792 1044 1878 triginta
1068 1793 1213 1877 quinque
1237 1790 1425 1856 iuratoribus

329 1920 406 1962 suae
428 1897 617 1963 conditionis
641 1921 675 1962 se
700 1912 832 1964 excuset
839 1924 847 1976 3
872 1902 951 1965 iuter
975 1897 1140 1964 Laubaehi
1163 1911 1190 1963 et
1222 1899 1389 1975 Wiaaram,
1404 1908 1426 1961 et

329 2008 371 2070 eie
395 2005 466 2083 Pii,
489 2027 557 2067 eum
579 2002 742 2068 XLVIII
762 2009 789 2054 ¹¹
815 2008 902 2070 iuret.

857 2128 905 2174 1x.

376 2211 413 2279 Si
444 2213 579 2280 liberum
611 2211 780 2294 occiderit,
816 2215 932 2280 solidos
957 2214 1047 2280 LIII
1078 2225 1110 2279 et
1139 2236 1239 2279 unum
1263 2213 1424 2279 denarium

328 2321 441 2399 solvat,
466 2332 498 2385 et
522 2319 548 2383 si
573 2321 753 2406 negaverit,
779 2343 853 2385 cum
876 2320 1008 2385 XXIII
1033 2320 1316 2386 sacramentalibus
1339 2321 1423 2384 iuret.

865 2447 900 2491 x.

375 2530 412 2596 Si
443 2531 536 2596 litum
567 2530 735 2609 occiderit,
762 2531 879 2597 solidos
903 2529 1051 2595 XXVII
1075 2554 1139 2596 uno
1172 2532 1305 2597 denario
1328 2531 1424 2595 miuus

327 2647 495 2722 componat
520 2634 647 2700 domino
671 2658 740 2715 suo,
766 2648 799 2702 et
831 2636 1019 2724 propinquis
1044 2637 1139 2702 occisi
1163 2635 1280 2702 solidos
1301 2637 1358 2702 IX
1377 2657 1425 2700 ex·

328 2747 460 2829 cepta⁹
495 2742 590 2807 tertia
622 2751 714 2828 parte
747 2744 842 2808 unius
876 2743 1015 2822 denarii,
1048 2753 1081 2807 et
1108 2742 1134 2807 si
1158 2745 1345 2830 negaverit,
1373 2739 1423 2806 sibi

326 2848 535 2915 duodeeImus
558 2848 651 2912 iuret.

378 2956 464 3017 Inter
494 2953 549 3016 rvi
586 2964 614 3017 et
644 2954 817 3038 Sinefaiam
856 2955 1031 3040 weregildus
1069 2955 1178 3018 nobilis
1214 2952 1243 3017 O
1273 2956 1368 3021 aelidi
1385 2954 1421 3025 12,
1478 2961 1479 3024 t

329 3057 419 3122 liberi
440 3057 489 3136 L,
521 3059 569 3120 liti
591 3057 700 3125 XXV
726 3061 830 3144 (solid.
863 3062 988 3124 denarii
1010 3058 1068 3124 III
1091 3083 1189 3126 novae
1215 3065 1371 3150 monetae)
1391 3059 1422 3116 ¹³·
1478 3035 1479 3128 i

375 3166 465 3228 luter·
488 3163 651 3228 Laebacti
674 3177 701 3229 et
728 3167 885 3232 Wiiaram
903 3166 1082 3252 weregildus
1105 3167 1214 3231 nobilis
1235 3164 1319 3234 CVI
1342 3163 1424 3232 solidi
1478 3163 1479 3236 i

329 3279 358 3335 et
381 3272 443 3334 duo
467 3270 605 3347 denarii,
630 3267 719 3333 liberi
740 3268 830 3333 LIII
853 3271 945 3336 solidi
969 3284 997 3337 et
1020 3274 1202 3350 denarium,
1232 3273 1280 3338 liti
1302 3265 1423 3338 XXVI

327 3375 421 3440 solidi
443 3385 471 3440 et
494 3376 648 3453 dimidiae,
673 3386 702 3440 et
720 3378 869 3443 dimidiae
892 3379 1044 3443 tremissia.

859 3501 907 3546 Χῖ.

374 3583 411 3652 Si
435 3588 508 3673 quis
531 3585 647 3664 homo,
679 3587 747 3652 sive
770 3587 902 3667 nobilis,
935 3587 1003 3653 eive
1027 3587 1124 3666 liber,
1153 3589 1221 3654 sive
1245 3589 1339 3666 litus,
1364 3585 1422 3651 sive

326 3694 424 3758 etiam
455 3715 585 3772 servae,
622 3695 755 3760 alterius
791 3716 920 3760 servum
952 3693 1122 3771 occiderit,
1159 3707 1329 3782 componat
1356 3712 1421 3759 eum

326 3798 417 3862 iuxta
442 3798 531 3883 quod
553 3797 652 3863 fuerit
676 3796 884 3883 adpretiatuS,
909 3813 941 3861 et
964 3798 1112 3864 dominus
1133 3800 1201 3864 eius
1219 3801 1320 3887 ipsius
1335 3793 1422 3887 pretii

327 3925 401 3966 eum
433 3900 534 3980 fuisse
557 3913 753 3968 sacramento
786 3924 843 3966 suo
875 3903 1030 3968 iuraverit
1052 3908 1091 3969 14.
1138 3903 1232 3994 (xm.)
1281 3898 1420 3987 Quodsi

325 4007 488 4094 quaelibet
522 4032 564 4073 ex
599 4008 770 4097 praedietis
810 4011 953 4096 personis
984 4010 1045 4074 hoe
1068 4010 1273 4076 homicidium
1298 4035 1332 4078 se
1355 4029 1419 4098 per

327 4124 469 4201 petresse
502 4116 687 4201 negaverit,
724 4114 814 4179 iuxta
838 4114 926 4201 quod
950 4137 1073 4180 summa
1096 4117 1195 4202 precii
1220 4118 1315 4182 occisi
1339 4135 1420 4182 mau-
1478 4113 1479 4186 Ῐ

322 4221 398 4307 eipii
434 4219 532 4284 fuerit
569 4222 751 4299 aestimata,
787 4221 900 4285 maiori
936 4221 987 4287 vel
1019 4222 1133 4286 minori
1164 4233 1361 4289 sacramento
1390 4238 1419 4282 se
1478 4255 1479 4266 ¹
