3020 5174
507 440 579 486 mcx
600 440 795 488 rsrsromom
1179 427 1198 489 e

94 657 215 722 matre3
264 653 332 739 (11.)
381 656 414 711 et
434 646 459 710 si
483 647 545 712 hoc
569 635 732 733 quaelibet
755 645 893 710 foemina
917 646 1042 725 fecerit,
1069 647 1195 714 leudem

92 773 188 818 suam
211 753 281 843 regi
307 763 492 840 componat,
518 761 551 816 et
575 753 601 820 si
625 753 809 839 negaverit,
834 773 905 818 cum
930 751 964 816 V
989 753 1083 820 iuret.

526 1117 660 1184 ΤΙΤ.
708 1118 767 1184 VI.

380 1323 429 1368 oc
453 1321 636 1370 corruens
659 1321 851 1370 rorormms
870 1309 912 1370 ⁶⁹.

640 1509 662 1556 1.

143 1591 180 1659 Si
203 1593 305 1658 libera
328 1593 467 1659 foemina
490 1595 546 1660 lito
571 1595 727 1682 nupserit,
747 1593 890 1660 nesciens
910 1617 984 1659 oum
1003 1594 1096 1662 litum
1118 1618 1196 1674 esse,

93 1710 128 1764 et
152 1698 205 1764 ille
228 1709 340 1786 postea
365 1698 403 1764 dc
428 1701 532 1788 capite
555 1724 631 1780 suo,
664 1724 702 1765 eo
726 1700 814 1786 quod
838 1700 914 1764 litus
938 1701 993 1778 sit,
1022 1700 1119 1766 fuerit
1144 1725 1198 1767 ca-

92 1805 286 1884 lumniatus,
319 1806 346 1870 si
381 1806 437 1871 illa
472 1828 531 1872 sua
567 1816 656 1874 sexta
687 1828 783 1871 manu
819 1807 927 1870 iurare
950 1807 1083 1891 poterit,
1109 1807 1197 1892 quod

92 1921 263 1996 postquam
288 1933 362 1975 cum
386 1912 479 1977 litum
504 1933 572 1976 esse
596 1911 734 1991 rescivit,
759 1933 831 1976 cum
856 1934 894 1976 eo
918 1934 982 1975 non
1006 1913 1198 1978 concumbe·

92 2026 153 2093 ret,
170 2017 240 2102 ipsa
257 2015 358 2081 libera
374 2028 570 2103 permaneat,
587 2029 619 2082 et
634 2016 691 2082 filii
713 2039 794 2102 quos
806 2018 1005 2103 procreavit3
1055 2017 1121 2105 (11.)
1170 2019 1197 2086 si

93 2144 173 2186 vero
203 2123 312 2187 iurare
344 2145 407 2188 non
431 2124 548 2209 possit,
585 2125 617 2188 in
643 2124 902 2212 compositionem
927 2121 1031 2190 mariti
1057 2124 1107 2188 sui
1131 2146 1197 2188 una

93 2249 167 2293 cum
192 2226 263 2294 filiis
288 2228 353 2293 suis
377 2239 529 2296 transeat.
589 2264 592 2268 ·

490 2589 520 2656 Τ
544 2589 562 2655 Ι
587 2590 625 2668 Τ.
673 2586 745 2654 VII
764 2591 804 2653 ⁷⁰.

523 2788 572 2835 oo
595 2786 718 2834 nstro
738 2770 778 2830 ⁷¹.

633 2967 656 3012 1.

139 3057 175 3124 Si
207 3059 279 3145 quis
310 3058 440 3123 domum
472 3055 604 3120 alterius
631 3052 824 3131 incenderit,
856 3053 957 3138 ipsam
981 3051 1128 3130 domum,
1161 3061 1195 3118 et

89 3165 247 3253 quicquid
270 3166 302 3229 in
327 3187 365 3232 ea
389 3171 624 3228 concrematum
650 3171 715 3238 est,
740 3160 774 3225 in
799 3157 898 3244 duplo
922 3169 1100 3245 componat.

604 3285 633 3331 11
652 3269 691 3330 ⁷2.

137 3374 174 3443 Si
198 3387 305 3442 autem
330 3375 493 3441 dominum
517 3374 631 3439 domus
654 3372 789 3437 flammis
813 3394 853 3435 ex
876 3371 946 3456 ipsa
966 3367 1060 3435 domo
1080 3367 1192 3457 egredi
1239 3405 1242 3410 ,

87 3482 260 3569 compulit,
300 3492 333 3548 et
368 3503 532 3568 egressum
568 3478 702 3556 occidit,
742 3485 912 3562 componat
951 3498 1024 3539 eum
1064 3475 1192 3553 novies,

88 3589 312 3674 cuiuscunque
347 3587 445 3652 fuerit
480 3583 686 3660 conditionis,
723 3583 791 3646 sive
823 3580 956 3657 nobilis,
993 3580 1060 3643 sivo
1091 3578 1191 3658 liber,

87 3697 158 3760 sive
191 3695 268 3760 litus
301 3695 350 3758 sit.
399 3691 492 3756 Haec
516 3688 700 3754 constitutio
726 3710 766 3751 ex
789 3685 893 3750 edicto
918 3685 1004 3772 regis
1027 3685 1190 3770 prooessit.

119 3802 239 3874 ¹Trans
274 3799 416 3866 Lachesi
453 3800 485 3864 io
515 3797 645 3883 fredam
678 3794 778 3860 novies
813 3791 967 3878 componit
1000 3792 1192 3870 wereqildum

84 3932 176 3976 suram·
195 3909 235 3971 ⁷3.
