3098 5176
308 401 358 452 xx
711 395 781 446 LEX
801 396 1009 448 rnrstonutt.

313 606 440 673 nomino
465 602 642 672 Suffridum
667 599 759 670 Petri
783 604 823 670 de
847 604 1056 692 scriptoribus
1080 600 1213 684 Frisiae,
1236 602 1306 670 dec.
1329 599 1413 670 VII.

313 735 338 777 c.
374 714 432 790 10,
469 713 560 776 cuins
592 711 781 775 sententiam
812 711 910 775 nullis
945 709 1141 796 argumentis
1173 708 1412 789 confirmatum,

297 841 409 904 ¹quarn
439 818 515 882 olim
551 813 584 882 S.
609 812 755 882 Siccama
785 816 1030 902 impugnaverat
1049 816 1092 893 2⁷,
1126 828 1235 880 nostro
1266 827 1413 900 tempore

312 945 427 1011 magna
463 946 503 986 ex
538 932 628 1008 parte
664 922 829 986 revocavit
864 921 912 986 M.
937 921 976 988 de
1002 919 1096 985 Haan
1125 919 1277 986 Hettema
1314 917 1416 985 Oude

311 1027 465 1094 Friesche
498 1027 650 1104 Wetten‚
683 1024 907 1091 Leeuwarden
943 1027 1041 1091 1851.
1071 1024 1118 1090 Π.
1150 1049 1182 1112 p.
1215 1025 1294 1091 335.
1326 1027 1414 1104 344,

313 1134 448 1201 dicendo
473 1133 576 1218 legem
600 1131 784 1197 Frisionum
808 1133 957 1217 scriptam
981 1155 1050 1197 esse
1073 1133 1158 1198 inter
1181 1154 1279 1198 annos
1297 1132 1414 1196 802-

315 1241 400 1318 804,
433 1236 611 1303 additiones
643 1236 825 1302 Wulemari
856 1238 940 1303 inter
970 1260 1069 1302 annos
1095 1238 1296 1316 sot-936,
1321 1234 1414 1302 addi·

313 1344 416 1409 tiones
440 1341 618 1408 Saxmundi
642 1343 726 1408 iuter
749 1364 848 1406 annos
875 1343 1104 1409 lats-1276
1123 1345 1166 1407 2⁸.

362 1447 484 1514 Omnes
515 1448 583 1513 fere
615 1448 677 1513 viri
706 1445 801 1526 docti,
826 1448 883 1534 qui
907 1448 1155 1535 disputaverunt
1179 1447 1220 1513 de
1243 1448 1316 1536 lege
1339 1447 1413 1513 Fri·

313 1555 455 1633 sionum,
481 1554 698 1634 consentiunt,
723 1555 826 1642 legem
851 1556 1009 1641 ipsamet
1041 1553 1219 1619 additiones
1241 1553 1323 1641 legis
1347 1575 1414 1617 non

313 1660 425 1727 eodem
456 1672 600 1748 tempore
631 1661 765 1747 scriptas
793 1683 878 1739 esse3
903 1669 1001 1746 atque
1026 1661 1202 1740 intereos,
1227 1660 1283 1746 qui
1307 1659 1414 1746 legem

313 1768 473 1834 conditam
505 1791 525 1832 a
556 1767 681 1832 Karolo
710 1767 832 1854 Magno
856 1766 1025 1845 dixerunt,
1048 1766 1177 1853 plurimi
1200 1777 1332 1852 putant,
1356 1765 1415 1830 ad-

313 1871 448 1938 ditiones
473 1873 553 1960 legis
576 1871 644 1957 ipso
669 1883 824 1958 regnante
849 1871 914 1960 legi
938 1893 1007 1936 esse
1030 1872 1179 1937 adiectas.

360 1979 426 2044 Ex
450 2001 542 2043 mea
575 1977 829 2042 sententia
854 1989 953 2042 tres
978 1988 1141 2062 partes
1165 1976 1291 2064 legis
1315 1975 1414 2042 Fri·

314 2087 497 2168 sionum
533 2093 642 2148 sunt
674 2080 1088 2162 discernendae29,
1113 2105 1162 2148 ac
1198 2082 1414 2148 diversis

313 2188 613 2276 temporibus
662 2197 934 2272 conceptae.
983 2188 1247 2273 Antiquissimam
1288 2199 1415 2275 partem

313 2293 394 2384 legis
425 2293 586 2360 conditam
618 2315 686 2358 esse
710 2315 842 2372 censeo,
875 2302 1043 2378 postquam
1069 2315 1151 2358 auno
1178 2291 1414 2359 734Kar01us

313 2396 486 2466 Martellus
518 2400 655 2465 Frisiam
679 2396 815 2464 mediam
840 2401 970 2487 regibus
994 2399 1414 2480 Francornmsnbiecerat,

313 2519 345 2572 et
377 2505 508 2592 quidem
540 2507 608 2593 ipso
641 2503 765 2569 Karolo
796 2504 950 2570 Marteilo
982 2505 1034 2570 vel
1070 2505 1210 2592 Pippino
1246 2506 1315 2570 eius
1346 2507 1413 2572 filio

312 2622 484 2699 regnante,
517 2610 550 2674 in
574 2631 669 2673 nsum
692 2608 817 2675 Frisiae
840 2609 980 2687 mediae;
1008 2611 1142 2676 alteram
1165 2621 1289 2696 partem
1314 2611 1413 2699 legis,

312 2727 481 2805 postquam
514 2737 597 2780 auno
632 2714 697 2779 785
730 2713 873 2780 Karolus
897 2716 1040 2803 Magnus
1064 2715 1200 2781 Frisium
1225 2717 1413 2782 orientalem

311 2821 499 2900 subiecerat,
522 2820 555 2885 in
579 2843 674 2885 usum
694 2821 795 2884 omnis
816 2819 952 2899 Frisiae3
972 2821 1099 2886 tertiam
1115 2819 1255 2906 denique
1278 2833 1414 2908 partem,

313 2927 367 2991 vel
392 2925 569 2990 additiones
593 2925 689 3012 legis,
713 2948 795 2990 anno
821 2926 907 3006 802,
939 2938 971 2992 et
1003 2927 1134 3012 quidem
1159 2949 1197 2991 eo
1222 2927 1352 2992 consilio
1376 2939 1414 2992 nt

282 3096 287 3113 ,
311 3031 363 3095 ins
387 3029 571 3095 Frisiorum
595 3029 742 3114 pluribus
765 3030 799 3094 in
822 3030 899 3096 locis
924 3032 1158 3096 emendaretur.

282 3116 285 3126 ¹
359 3133 639 3211 Fundamentum,
679 3133 734 3200 vel
773 3146 810 3200 ut
849 3136 948 3202 verbo
987 3146 1062 3200 utar
1096 3135 1203 3215 basin,
1239 3139 1413 3205 sententiae

312 3263 401 3305 meae
425 3240 465 3305 de
489 3250 650 3325 tempore,
683 3262 747 3325 quo
772 3240 887 3306 litteris
912 3242 952 3306 sit
976 3253 1149 3327 conceptus
1173 3252 1281 3306 textus
1306 3255 1414 3309 noster

312 3343 392 3433 legis
435 3344 596 3425 Frisicae,
641 3343 711 3410 dico
747 3357 933 3434 tempus
982 3370 1070 3434 quo
1118 3345 1413 3416 Francorum

310 3485 465 3505 ..ιιι-ι·-

346 3564 377 3612 27
414 3559 490 3611 Geni.
508 3560 587 3610 etiam
604 3559 797 3614 schwartzenb.
815 3561 905 3614 Chart.
922 3563 943 3613 Ι.
961 3560 1038 3614 Vorr.
1055 3578 1080 3628 p.
1097 3560 1183 3616 XCV.

344 3648 377 3692 28
411 3640 511 3704 Legem
538 3641 688 3693 Frisiorum
715 3652 776 3708 post
803 3649 913 3694 mortam
941 3643 1044 3694 Ottonis
1071 3643 1085 3692 1
1111 3644 1274 3710 imperatoris
1290 3646 1414 3711 scriptam

309 3736 382 3782 esse,
407 3721 514 3769 coniicit
539 3721 577 3770 M.
603 3723 635 3772 de
661 3724 738 3772 Haan
762 3723 899 3772 Hettemat
923 3722 976 3773 Het
1001 3724 1076 3774 Mser
1092 3724 1214 3786 Flevum,
1234 3726 1414 3777 Leeuwarden

313 3805 387 3852 1854.
412 3815 438 3864 p.
463 3800 549 3863 XIII,
573 3817 606 3853 ex
630 3819 661 3852 eo
681 3801 795 3865 quodie
813 3805 902 3853 eadem
921 3801 1015 3854 fluvius
1033 3802 1135 3858 Sinkial
1153 3805 1217 3857 finos
1235 3807 1339 3858 fecisset
1355 3805 1414 3856 Fri-

308 3882 411 3932 siouum
428 3881 635 3934 occidentalium.
672 3879 748 3947 Ypey
765 3882 977 3935 Nederlaudsche
995 3885 1077 3946 Taal,
1100 3891 1172 3936 18³2,
1189 3886 1226 3936 11.
1243 3903 1269 3952 p.
1290 3893 1335 3938 121
1356 3901 1414 3937 ceu·

307 3962 390 4022 seba,
406 3961 530 4025 scriptam
547 3977 604 4013 esse
621 3965 706 4026 legem
728 3962 877 4014 Frisiorum
894 3971 1010 4030 tempore
1027 3966 1121 4016 Karoli
1137 3965 1237 4032 Magni,
1255 3968 1414 4019 additionem

308 4041 375 4106 legis
392 4055 453 4091 vero
472 4042 542 4092 eirca
558 4058 652 4093 annum
670 4048 728 4092 900.

343 4121 375 4172 at
409 4117 442 4171 In
468 4122 535 4173 libro
558 4138 616 4173 meo
642 4122 727 4172 Fries.
751 4120 967 4188 Rechtsqnellen,
988 4123 1079 4180 Berlin
1100 4131 1172 4180 1840.
1188 4141 1214 4195 p.
1232 4127 1255 4180 Ι.
1273 4125 1340 4183 hanc
1357 4143 1416 4182 seu·

308 4196 416 4258 tentiam
432 4199 546 4253 breviter
564 4199 670 4261 notavi,
688 4212 771 4266 usqne
789 4208 874 4254 tamen
892 4204 1009 4269 exposui.
