3098 5176
330 425 472 473 xxxvln
732 425 802 476 LEX
823 427 1029 477 ammonuit.

329 649 386 718 W.
416 646 576 726 Eekhoff,
607 643 830 712 Leeuwarden
865 645 964 711 1846.
996 645 1024 711 Ι.
1056 669 1088 734 p.
1120 645 1187 712 286
1213 655 1245 711 et
1269 645 1432 712 Foolrema

326 757 360 822 in
396 753 437 820 de
471 753 562 840 Vrije
596 751 707 830 Fries,
742 751 842 816 1853.
865 749 928 816 VI.
960 774 991 838 p.
1026 753 1102 819 118.
1134 751 1235 818 Haud
1263 753 1432 818 confirma-

326 861 430 929 verim
460 869 605 946 tempore
635 855 751 922 Karoli
782 855 897 943 Magni
932 878 1059 921 omnem
1082 855 1219 923 Frisiam
1243 879 1351 922 unum
1376 857 1433 923 du·

326 990 395 1034 cem
429 965 597 1040 habuisse3
632 961 790 1028 coniicere
824 962 932 1049 potins
966 961 1081 1042 velim,
1110 962 1280 1049 praefectis
1304 963 1432 1043 limitis,

327 1070 461 1162 singulis
497 1066 681 1157 regionibns
717 1065 841 1132 Frisiae
876 1067 1042 1132 maritimis
1073 1068 1283 1155 praepositis,
1316 1091 1433 1136 nomen

326 1177 419 1246 ducis
446 1174 553 1240 fnisse.
601 1172 654 1238 De
682 1171 816 1238 vocibus
838 1174 1028 1260 prodacta,
1052 1175 1117 1239 dua
1140 1174 1266 1253 limitis,
1291 1177 1433 1241 marchio

326 1275 540 1350 conferendus
574 1287 623 1344 est
658 1276 767 1345 Waitz
803 1277 845 1342 D.
881 1277 1130 1368 Verfaasnngsg.
1164 1278 1231 1344 IH.
1269 1303 1304 1367 p.
1348 1280 1433 1358 315;

327 1388 416 1478 quod
450 1384 590 1474 pertinet
625 1382 667 1449 ad
702 1382 839 1448 Frisiam
874 1382 1142 1470 antiquissimam,
1166 1384 1299 1451 afferam
1325 1386 1434 1451 locum

326 1521 368 1564 ex
403 1493 483 1562 Vita
514 1488 549 1557 S.
580 1488 739 1556 Bonifaoii
770 1511 839 1576 cap.
871 1490 916 1555 40
949 1489 989 1555 de
1024 1512 1108 1556 anno
1135 1489 1201 1556 755
1225 1491 1432 1577 loquentem:

325 1625 404 1669 nnus
445 1600 500 1686 qui
535 1597 668 1685 ‹p‘fioium
697 1596 913 1684 praefecturae
945 1598 1108 1662 seeundum
1131 1597 1280 1661 indictum
1304 1597 1435 1683 plorimi

324 1707 464 1795 Pappini
485 1705 566 1791 rapte
589 1724 681 1790 anper
697 1725 819 1789 papum
848 1701 1002 1786 lorumque
1029 1701 1117 1766 illum
1145 1701 1181 1790 (i.
1205 1725 1233 1767 e.
1256 1702 1434 1790 Dookinga

324 1815 358 1878 in
393 1833 477 1899 pago
512 1805 671 1894 Asterga)
704 1809 844 1894 parebat,
878 1808 1001 1873 nomina
1036 1806 1152 1887 Abba,
1184 1806 1274 1873 Mon.
1299 1805 1346 1874 G.
1373 1806 1433 1876 SS.

324 1916 371 1984 Π.
395 1940 427 2004 p.
453 1912 531 1980 353.

372 2020 491 2086 Facilis
526 2028 575 2083 est
610 2015 770 2081 distinctio
801 2015 881 2082 iuris
912 2016 1015 2104 prima
1040 2018 1198 2084 etaltera
1221 2018 1302 2106 legis
1329 2018 1434 2086 Frisi-

325 2148 423 2193 onum
459 2133 551 2211 parte
587 2119 684 2186 edicti
719 2120 760 2186 ab
785 2143 823 2186 eo
848 2121 935 2207 quod
959 2123 1167 2188 constitutum
1192 2123 1296 2189 estin
1322 2123 1432 2190 Addi-

324 2232 412 2298 tione
428 2229 508 2318 legis
524 2226 718 2306 Frisiorum,
734 2226 826 2292 euius
842 2227 984 2314 capitula
1000 2250 1098 2314 snpra
1113 2251 1143 2314 p.
1239 2244 1433 2297 enumerata

324 2337 453 2405 tertiam
488 2333 569 2423 legis
604 2341 729 2420 partem
761 2331 821 2420 (=
843 2330 916 2422 ΙΙΙ)
940 2323 1110 2399 nominavi.
1157 2333 1286 2401 Multae
1308 2337 1433 2402 eonsti-

324 2444 466 2511 tutiones
501 2449 534 2506 et
568 2438 649 2526 legis
684 2437 920 2522 antiquissimae
947 2437 1006 2526 (=
1029 2437 1063 2518 Ι)
1088 2451 1120 2504 et
1144 2440 1303 2506 secundae
1327 2443 1432 2528 partis

323 2549 406 2636 legis
441 2547 501 2634 (2-
535 2543 588 2630 ΙΙ)
620 2553 696 2607 suut
727 2540 930 2622 emendatae,
962 2565 1043 2627 quas
1075 2545 1206 2630 quidem
1229 2547 1262 2611 in
1287 2546 1431 2613 editione

322 2653 404 2741 legis
428 2649 470 2716 ad
494 2649 621 2739 singula
645 2647 785 2736 capitula
808 2648 888 2736 legis
911 2651 1030 2715 notavi.
1077 2651 1169 2719 Inter
1192 2675 1301 2718 omnes
1325 2657 1431 2720 maxi-

322 2782 374 2826 me
398 2759 533 2825 veniunt
555 2756 589 2822 in
615 2766 821 2842 conspectum
843 2754 981 2821 mulctae
1005 2757 1059 2822 vel
1083 2758 1328 2844 compositiones
1353 2760 1430 2846 pln-

323 2866 423 2932 rimae
458 2863 654 2950 triplicatae,
691 2883 775 2947 quae
811 2871 905 2927 antea
938 2863 971 2927 in
1007 2860 1113 2928 Frisia
1143 2863 1223 2929 iuris
1250 2876 1362 2945 erant,
1387 2865 1428 2931 de

324 2991 462 3057 quarum
492 2968 698 3054 gravissima,
730 2989 827 3050 quam
859 2966 971 3032 dieunt
1001 2969 1214 3055 warspaldnm,
1246 2970 1343 3057 paulo
1373 2995 1429 3038 ao-

323 3073 466 3140 ouratius
500 3071 563 3136 hoo
599 3072 670 3137 loeo
707 3068 884 3156 disputem,
920 3079 958 3135 nt
993 3073 1138 3159 exemplo
1169 3075 1334 3141 ostendam
1359 3089 1427 3145 tres

323 3178 405 3268 legis
427 3188 536 3264 partes
559 3175 593 3240 in
616 3172 728 3240 eodem
752 3174 896 3241 diversas
919 3185 952 3240 et
976 3177 1036 3243 sibi
1058 3181 1243 3245 contrarias.

369 3281 533 3349 Numeros
562 3277 834 3368 weregeldorum,
867 3302 1005 3367 quorum
1036 3283 1088 3349 lex
1118 3282 1303 3351 Frisiorum
1335 3311 1426 3355 men·

320 3388 441 3457 tionem
475 3385 570 3466 feeit,
604 3384 712 3450 nullus
747 3384 920 3473 intelligat,
953 3385 1015 3452 nisi
1039 3388 1096 3474 qui
1118 3399 1279 3457 monetam
1303 3415 1425 3482 eogno-

321 3494 423 3574 verit,
459 3513 525 3581 qua
555 3491 608 3556 lex
638 3490 823 3558 Frisionnm
854 3491 967 3558 utitur.
1021 3492 1075 3560 De
1106 3492 1219 3561 eadem
1250 3498 1312 3564 viri
1336 3498 1424 3566 docti

321 3600 487 3691 opiniones
519 3595 661 3666 diversas
692 3609 947 3687 proposuerunt,
983 3621 1089 3685 neque
1119 3609 1244 3682 tamen,
1268 3611 1306 3670 111
1337 3605 1422 3671 iudi·

321 3729 409 3786 eam,
444 3706 551 3771 luoem
582 3705 613 3770 ei
643 3704 823 3770 attulerunt
840 3708 891 3782 4⁸3
922 3703 984 3770 alio
1007 3706 1040 3770 in
1064 3705 1134 3771 looo
1156 3718 1317 3775 monetam
1340 3710 1422 3798 legis

317 3891 473 3914 ..ι-ι·-

356 4008 390 4054 48
425 4001 501 4054 Cous.
525 3999 645 4052 Sioeama
669 4000 728 4052 Lex
745 4001 813 4053 Fris.
829 4018 855 4068 p.
883 4005 945 4069 ¹¹⁷3
968 4004 1082 4056 Davond
1108 4005 1215 4072 Oghlon
1242 4009 1359 4062 Histoire
1384 4011 1421 4063 II.

321 4099 348 4150 p.
375 4087 438 4146 2093
461 4082 496 4133 Κ.
520 4081 627 4132 Mamer
651 4081 709 4134 Das
734 4080 831 4133 Wesen
857 4083 903 4134 des
931 4083 1030 4146 Adels,
1056 4087 1187 4139 Mtinohen
1216 4094 1289 4140 1846.
1310 4106 1337 4156 p.
1358 4096 1419 4155 106;

322 4163 418 4229 Ganpp
444 4162 502 4215 Lex
526 4161 719 4215 Chamavorum
742 4176 769 4226 p.
795 4168 843 4228 363
868 4163 956 4216 Waits
985 4165 1247 4233 Munererhtltnisse,
1278 4168 1420 4238 Gottingsn

323 4249 397 4298 rael.
413 4259 440 4310 p.
457 4247 482 4294 4.
