3028 5184
489 443 607 508 Innnx
627 442 768 508 Rnrvnn.
1129 445 1191 511 159

126 637 172 698 14.
193 638 284 696 Add.
304 636 361 703 ΙΙΙ,
382 635 428 696 15.
450 635 497 712 Of.
517 637 626 696 oculus.

85 728 249 786 surdum
269 729 294 784 si
313 727 378 803 quis
397 727 488 784 aliurn
508 727 690 803 percusserit,
710 736 740 785 nt
763 726 886 785 surdum
905 745 972 784 eum
991 727 1079 786 faciat
1097 726 1194 794 XXII,

127 817 152 874 Ι.
175 817 265 874 Ado.
286 816 342 880 III,
361 817 389 874 8.
412 815 460 890 Os.
478 826 635 892 percntere.

86 907 313 982 suscipere:
333 906 356 962 si
376 907 443 982 qnis
462 906 493 962 in
513 907 619 983 pignus
637 907 792 984 susceperit
809 915 860 963 aut
878 925 993 964 servum
1012 916 1063 964 aut
1082 925 1190 982 equum

123 994 214 1052 Adel.
233 994 318 1059 VIII,
339 994 365 1053 l.
387 994 435 1071 Of.
456 995 571 1072 pignus.

86 1093 260 1160 suspect
274 1104 293 1141 n
304 1105 334 1142 s:
366 1085 551 1160 Interpellare
570 1104 627 1149 eos,
646 1084 699 1159 qui
717 1082 805 1159 ipsius
825 1076 972 1140 homicidii
992 1085 1115 1160 suspecti
1134 1085 1192 1142 sint

2 1236 3 1243 χ
125 1172 207 1238 XIV,
226 1172 254 1230 3.
277 1172 324 1248 Gj.
344 1193 421 1232 reus.

88 1351 234 1409 'l'alnse
264 1351 323 1408 dno
344 1352 394 1409 tali
414 1350 450 1408 de·
470 1352 552 1427 virga
572 1351 693 1428 praecisi
713 1349 793 1414 XIV,
815 1350 839 1411 l.
863 1350 911 1426 Of.
931 1369 1000 1408 sors.

4 1491 5 1496 ,
89 1451 277 1516 tangerer
298 1441 322 1496 si
342 1443 543 1498 membranam
564 1441 701 1516 (cerebri)
722 1440 834 1516 gladius
853 1439 977 1516 tetigerit
997 1439 1091 1504 XXIl,
1111 1439 1148 1505 7,
1168 1441 1192 1498 si

125 1531 295 1608 praecordia
327 1532 530 1605 (stomachum)
552 1531 649 1607 gladio
668 1530 792 1606 tetigerit
810 1528 906 1594 XXII,
926 1528 972 1587 48.
993 1529 1041 1588 54.
1064 1528 1112 1604 Os.
1132 1530 1192 1586 fer·

125 1639 204 1683 rum,
224 1620 326 1676 telum.

88 1708 226 1765 telum:
246 1709 297 1784 qui
318 1707 451 1764 maxillas
470 1708 571 1782 sagitta
601 1706 647 1765 vel
676 1705 805 1782 quolibet
824 1707 880 1763 telo
900 1707 1077 1764 transfixerit
1098 1706 1195 1773 XXII,

125 1796 182 1861 853
210 1797 263 1872 qni
292 1804 443 1870 utramque
472 1815 571 1854 coxam
592 1813 658 1851 cnm
677 1795 807 1853 soliloulo
829 1795 943 1852 testium
963 1789 1019 1855 telo
1038 1797 1128 1868 (ferro
1148 1796 1193 1855 vel

125 1886 254 1961 quolibet
284 1885 352 1958 telo)
381 1885 523 1942 traiecerit
551 1883 648 1949 XXII,
673 1883 722 1941 86.
743 1885 819 1941 Iud.
842 1884 927 1941 Wul.
950 1883 986 1948 4,
1006 1885 1028 1941 si
1049 1904 1084 1942 ex
1103 1885 1193 1942 aitera

125 1983 208 2050 parte
228 1975 303 2045 (nasi
323 1975 474 2050 perforati)
494 1974 583 2031 telum
604 1973 704 2030 exierit
725 1973 816 2030 Ado.
837 1972 893 2038 Ill,
914 1972 970 2036 13.
990 1975 1015 2030 si
1035 1975 1124 2031 telum
1144 1993 1193 2030 ca·

126 2082 161 2120 su
180 2064 309 2138 quolibet
329 2063 462 2121 inciderit
481 2082 567 2140 super
586 2064 678 2120 alium
702 2061 794 2120 Ado.
825 2061 880 2128 Ill,
910 2063 957 2122 69.
990 2062 1038 2138 Of.
1070 2064 1193 2126 ferrum,

126 2152 250 2229 gladius.

90 2242 249 2316 templu
262 2261 309 2298 m:
340 2241 508 2297 immolatur
538 2241 605 2305 diis,
624 2260 749 2316 quorum
771 2241 876 2318 templa
896 2242 1012 2300 violavit
1032 2241 1121 2300 Add.
1140 2241 1195 2308 XI,

131 2333 157 2390 l.
180 2329 226 2404 Os.
246 2330 358 2388 fanum.

91 2430 256 2476 tenerer
285 2418 424 2494 producat
444 2417 592 2474 hominem
612 2425 639 2472 et
658 2418 733 2475 iuret
754 2426 853 2475 tenens
872 2435 938 2474 eum
959 2437 1013 2493 per
1030 2436 1112 2474 oram
1131 2417 1192 2494 sagi

127 2509 171 2566 sui
202 2506 281 2571 XIV,
313 2505 349 2571 4ς
379 2511 432 2582 (cs.
459 2507 511 2582 qui
530 2506 620 2563 lacem
642 2525 729 2562 manu
751 2515 830 2563 tenet
849 2505 887 2570 V,
910 2506 921 2563 l
944 2515 973 2563 et
993 2507 1080 2564 telum
1102 2528 1193 2566 manu

128 2605 228 2653 tenens
247 2595 336 2652 And.
358 2596 413 2661 ΙΙΙ,
433 2594 492 2669 69).
515 2593 562 2670 Os.
581 2596 688 2652 iurare.

91 2694 233 2742 tenus:
263 2685 322 2741 (luo
349 2684 398 2740 tali
427 2685 463 2741 de
494 2683 573 2760 virga
603 2683 734 2759 praecisi,
752 2702 824 2759 qnos
845 2692 924 2741 tenos
944 2693 1044 2742 vocant
1063 2685 1144 2752 XIV,
1166 2687 1192 2744 l.

130 2772 178 2846 Cf.
197 2791 267 2832 sors.

91 2873 170 2919 ter:
191 2871 234 2919 ter
269 2862 406 2922 ...solid.
435 2869 588 2938 componat
616 2865 826 2937 (componatur,
855 2865 1079 2939 componantur)
1101 2864 1192 2924 Ado.

128 2950 204 3016 IIIa,
232 2950 334 3009 8-45.
365 2951 413 3009 47.
442 2950 490 3008 48.
519 2949 568 3009 56.
586 2949 634 3009 57.
655 2949 775 3009 60-63.
797 2950 845 3010 66.
866 2950 914 3010 76.
934 2951 1008 3018 Illb‚
1031 2952 1056 3010 l.
1082 2973 1118 3028 p.
1144 2954 1191 3013 35.

131 3039 179 3114 Of.
200 3040 319 3118 triplum
339 3049 368 3098 et
386 3040 516 3115 simplus.

91 3139 216 3205 tergu
228 3149 276 3186 rna
302 3129 327 3185 si
346 3131 411 3204 quis
430 3130 521 3185 aliurn
541 3128 572 3184 in
591 3138 704 3205 tergum
723 3129 918 3188 vulneraverit
936 3130 1027 3189 Ado.
1049 3130 1105 3198 ΙΙΙ,
1125 3131 1173 3192 45.

93 3228 220 3278 testa:
248 3219 271 3275 si
302 3218 367 3294 quis
397 3218 486 3275 alium
517 3217 557 3275 ita
587 3219 767 3295 percusserit,
786 3229 817 3276 ut
836 3229 908 3278 testa
926 3231 1065 3298 appareat
1085 3223 1193 3299 (perfo-

129 3313 221 3380 retur)
240 3306 336 3372 XXII,
354 3307 382 3366 5.
403 3308 493 3364 Ado.
515 3306 568 3366 ΙΙΙ.
589 3306 634 3364 23.
659 3307 707 3382 Os.
726 3328 757 3365 os
777 3318 805 3365 et
822 3319 980 3386 percutere.

94 3396 345 3455 testiculus:
375 3397 399 3454 si
429 3397 495 3472 quis
513 3396 657 3453 testiculos
676 3398 829 3453 excusserit
847 3398 940 3454 XXII.
962 3397 1009 3455 58.
1030 3397 1077 3456 59.
1098 3399 1190 3458 Actu.

129 3488 189 3552 ΙΙΙ,
215 3485 269 3543 6οξ
299 3485 323 3542 si
353 3485 497 3544 folliculus
527 3485 723 3542 testiculorum
754 3504 820 3541 cum
848 3504 917 3543 coxa
937 3488 1084 3564 (utraque)
1103 3488 1193 3545 fuerit
1217 3523 1219 3526 -

130 3577 248 3633 traiecta
267 3575 343 3632 Iud.
367 3575 452 3632 Wol.
473 3573 502 3632 5.
523 3573 551 3630 6.
574 3572 621 3646 Of.
642 3575 729 3638 testis,
748 3583 900 3632 veretrum.

91 3666 238 3723 testisr
269 3668 300 3739 o)
329 3665 369 3722 Ile
401 3666 519 3722 testibus
538 3664 576 3729 X,
596 3667 689 3722 inser.
709 3667 737 3734 b)
758 3663 812 3741 Qui
834 3673 987 3741 utramque
1006 3683 1106 3722 coxam
1126 3684 1194 3724 cnm

129 3754 259 3811 folliculo
279 3754 391 3811 testium
413 3755 469 3811 telo
489 3754 629 3812 tratecerit
651 3753 746 3818 XXII,
764 3753 812 3810 86.
837 3753 883 3829 (Is.
905 3755 1062 3814 testiculus.

91 3845 186 3901 thiu
198 3845 217 3901 b
228 3843 246 3899 d
259 3864 294 3900 aa
326 3843 459 3900 'Ihiubda
479 3842 536 3908 III,
554 3846 646 3900 inser.
670 3841 716 3918 Os.
736 3843 856 3900 furtum.

94 3933 124 3988 ti
137 3933 220 3991 bia:
251 3933 275 3988 si
306 3932 376 3990 tibia
396 3935 497 3990 subtus
515 3933 657 4009 genuculo
676 3932 765 3989 incisa
785 3934 872 3989 fuerit
891 3931 988 3997 XXII,
1007 3931 1059 3996 613
1080 3932 1104 3990 si
1125 3933 1196 3992 tibi-

130 4040 178 4078 am
204 4023 420 4098 transpunxerit
448 4021 538 4080 Add.
567 4022 623 4086 Ill,
642 4021 698 4086 62,
719 4041 785 4099 pars
804 4022 884 4099 pedis
902 4040 977 4097 qnae
996 4022 1072 4080 inter
1090 4023 1193 4082 tibiam

130 4117 158 4166 et
178 4110 281 4187 dirgitos
300 4111 405 4187 (mdis)
426 4109 521 4177 XXII,
541 4111 587 4169 63.
611 4109 657 4186 Os.
679 4130 760 4174 coxa.
778 4129 855 4176 crus,
874 4130 934 4186 pes.
1063 4125 1064 4128 ’

93 4199 251 4259 tollere
269 4202 380 4274 (praet.
400 4200 502 4258 sustuli
522 4208 550 4257 et
570 4199 623 4257 tuli
634 4199 688 4276 (t),
704 4203 819 4274 porta’c.
838 4199 999 4275 sublatus)=
1019 4201 1045 4258 si
1062 4201 1141 4259 liber
1152 4201 1195 4258 ¹li·

131 4289 203 4347 bere
231 4291 264 4346 iu
294 4289 341 4347 via
372 4307 477 4346 mnus
505 4289 635 4347 iniecerit
661 4299 689 4346 et
709 4289 822 4364 aliquid
840 4289 943 4350 tollore
962 4289 1083 4349 voluerit
1103 4290 1197 4352 Arta.
1317 4290 1319 4294 ⁷
