3020 5174
500 425 572 472 Lux
592 425 800 475 samonum.
1154 417 1197 482 15

91 629 144 694 sin
168 652 246 698 vero
269 631 406 698 alterum
432 632 573 712 sustulit,
594 642 673 698 tunc
688 635 912 722 unusquisque
927 634 1057 703 illorum
1074 648 1197 726 septem

89 735 190 804 faciat
213 759 303 808 suum
336 747 471 818 sortem,
502 737 538 802 id
569 748 618 804 est
649 748 777 820 tenum,
811 741 852 806 de
882 742 992 829 virga,
1024 754 1056 809 et
1092 744 1197 832 signet

92 842 187 930 signo
228 865 286 909 suo
305 851 338 924 9,
378 856 415 908 ut
458 865 533 910 eum
574 855 639 909 tam
678 845 734 912 ille
775 869 873 932 quam
913 850 1032 916 caeteri
1075 852 1196 937 quicir·

91 958 253 1016 cumstant
278 972 470 1038 cognoscere
493 951 632 1037 possi1n3
666 961 699 1016 et
730 950 945 1036 obvolvantur
967 954 1040 1020 lana
1064 956 1194 1038 munda,

92 1065 127 1119 et
151 1055 243 1121 altari
266 1077 324 1120 seu
348 1057 492 1142 reliquiis
515 1057 739 1143 imponantur,
764 1068 797 1123 et
814 1059 984 1146 presbyter
1003 1061 1030 1124 si
1046 1062 1198 1144 adfuerit,

92 1161 119 1224 si
153 1183 230 1226 vero
262 1183 327 1227 nou
360 1171 398 1225 ut
431 1162 578 1249 superius
610 1185 694 1248 puer
724 1162 896 1244 innocens,
932 1187 1195 1254 unumquemque

91 1288 206 1330 eorum
236 1266 420 1354 singillatim
453 1267 494 1335 de
519 1268 613 1334 altari
637 1268 747 1349 tollat,
771 1281 804 1334 et
828 1271 858 1335 ei
881 1271 938 1355 qui
962 1293 1053 1336 suem
1077 1285 1195 1342 sortem

91 1393 162 1436 esse
186 1375 388 1461 cognoverit,
417 1384 520 1460 rogat.
568 1371 671 1439 Cuius
694 1385 813 1441 sortem
837 1386 1001 1442 extreman
1025 1401 1093 1444 esse
1118 1402 1194 1446 con·

89 1477 218 1564 tigerit,
250 1479 305 1544 ille
336 1479 499 1544 homicidii
531 1480 791 1567 compositionem
823 1482 1008 1568 persolvere
1040 1495 1194 1572 cogatur,

91 1585 226 1649 caeteris
257 1607 397 1670 quorum
428 1595 529 1650 sortes
552 1587 643 1670 prius
667 1585 792 1650 levatae
816 1596 891 1652 suut
914 1587 1076 1654 absolutis.
1124 1591 1192 1682 (11.)

90 1686 130 1754 Si
154 1700 262 1755 eutem
286 1690 318 1755 in
342 1691 446 1777 prima
470 1691 608 1756 duarum
641 1693 776 1757 sortium
799 1692 966 1772 missione,
989 1694 1078 1761 illam
1109 1719 1194 1783 qnae

90 1797 196 1860 crucis
220 1797 311 1884 siguo
334 1807 445 1862 notata
469 1806 534 1874 est,
559 1795 741 1876 sustulerit,
766 1799 951 1864 innocentes
975 1810 1086 1882 erunt,
1111 1802 1195 1868 sicut

88 1900 329 1987 praediximus,
365 1913 487 1989 septem
524 1904 580 1987 qui
615 1903 824 1983 iuraverunt,
861 1915 893 1969 et
931 1904 1003 1984 ille,
1039 1907 1066 1971 si
1097 1907 1194 1989 velit,

90 2009 171 2073 alios
204 2007 245 2073 ‹le
269 2007 384 2073 eodem
407 2008 578 2073 homicidio
602 2008 800 2094 interpellet,
827 2021 859 2076 et
882 2010 1070 2097 quicunque
1092 2013 1193 2079 inter·

86 2114 229 2200 pellatus
252 2112 350 2178 fuerit
373 2136 432 2178 sua
456 2112 644 2179 duodecima
668 2137 766 2179 manu
785 2115 977 2201 perfectorio
994 2129 1194 2184 sacramento

87 2244 123 2286 se
161 2219 257 2286 debet
292 2242 460 2299 excusare,
499 2231 532 2286 et
565 2221 599 2286 in
634 2220 696 2286 hoc
720 2221 952 2308 interpellatori
985 2222 1122 2290 sufficiat
1142 2229 1192 2306 1⁰,

86 2349 149 2392 nec
172 2326 308 2392 ulterius
332 2324 373 2391 ad
398 2337 514 2391 sortem
538 2325 712 2411 quemlibet
736 2326 927 2413 compellere
950 2338 1065 2414 potest.

136 2432 227 2498 Haec
243 2437 271 2481 11
303 2432 356 2497 lex
379 2433 464 2497 inter
487 2431 656 2496 Laubachi
681 2442 713 2497 et
736 2431 876 2497 Flehum
899 2432 1088 2498 custoditur.

141 2538 300 2607 Caeterum
327 2543 407 2605 inter
430 2539 560 2604 Flebam
593 2548 622 2602 et
651 2538 825 2621 Siecfalum
847 2539 982 2623 fluvium
1000 2562 1065 2625 pro
1088 2541 1193 2606 huius·

84 2647 177 2711 modi
199 2646 387 2710 comatulis
412 2658 455 2710 est
479 2645 678 2709 cousuetudo.-
743 2675 744 2678 ¹

618 2767 668 2813 111.

135 2858 170 2921 Is
194 2859 247 2942 qui
270 2855 517 2944 compositionem
541 2857 701 2922 homicidii
730 2859 865 2938 quaerit,
889 2855 923 2918 in
945 2851 1081 2940 reliquiis
1102 2878 1192 2921 sanc·

83 2977 189 3030 torum
220 2967 314 3042 iuret,
338 2985 370 3027 se
404 2984 464 3026 riou
500 2957 596 3024 alium
625 2961 662 3025 cle
685 2961 744 3024 iac
767 2983 801 3024 re
824 2960 1107 3046 interpellatricem,
1130 2959 1194 3028 uisi

84 3095 136 3138 eos
172 3071 227 3157 qui
248 3067 277 3133 ci
305 3065 401 3154 ipsim
425 3067 584 3131 homicidii
610 3067 741 3150 suspecti
762 3067 842 3148 siut,·
867 3078 894 3130 et
917 3077 986 3130 teuc
1008 3089 1119 3146 uuum,
1144 3067 1192 3133 cel

84 3180 172 3256 duos,
193 3176 239 3241 uel
262 3174 354 3240 etiam
377 3187 445 3252 tres,
462 3183 515 3237 aut
532 3185 674 3259 quantor,
693 3172 742 3237 vel
757 3171 899 3256 quotlibet
908 3173 1036 3252 fuerint,
1053 3174 1190 3258 quicum

84 3283 142 3367 qui
171 3283 284 3347 occisam
307 3292 349 3345 est
371 3280 623 3356 vulneraverunt,
655 3280 693 3342 dc
718 3279 882 3342 homicidio
905 3278 1078 3364 interpellet.
1126 3280 1192 3345 Sed

83 3385 225 3472 quamvis
247 3387 354 3472 oiqinti
377 3397 431 3449 aut
454 3387 546 3449 etiam
568 3385 694 3469 tripiuta
708 3383 846 3469 fuerint,
861 3405 923 3447 uon
939 3397 1041 3449 tamen
1057 3387 1191 3471 amplius

83 3517 181 3579 quam
212 3505 326 3578 septem
357 3487 574 3576 interpellandi
609 3503 695 3564 aaut,
728 3498 757 3552 et
784 3485 985 3572 uuusquisque
1009 3512 1113 3554 eorum
1137 3493 1192 3575 qui

82 3598 294 3685 interpellatus
329 3609 372 3662 est
413 3618 469 3658 sea
505 3595 686 3658 duodecime
721 3615 816 3656 mane
850 3595 947 3670 iuret,
984 3604 1011 3656 et
1052 3617 1082 3657 se
1115 3609 1190 3680 post

80 3717 308 3770 sacramentum
331 3699 445 3767 iudicio
460 3700 529 3766 Dei
550 3699 786 3764 criminandum
792 3697 930 3782 ferventi
945 3720 1028 3784 aque
1043 3700 1187 3766 iunocen-

79 3823 142 3874 tem
181 3811 326 3874 ostendat.
378 3807 440 3886 Qui
467 3807 591 3892 primus
629 3805 759 3880 iuravit,
793 3805 918 3890 primus
957 3805 1001 3868 ed
1037 3807 1187 3871 iudicium

80 3926 185 3992 cecat,
225 3928 254 3980 et
291 3915 334 3976 sic
351 3935 413 3998 per
460 3913 609 3977 ordinem.
670 3909 732 3990 Qui
761 3911 794 3972 iu
810 3913 839 3956 ¹2
884 3911 997 3974 iudicio
1031 3913 1187 3996 probatus

79 4025 217 4086 iuventus
246 4020 363 4104 fuerit,
403 4018 646 4102 compositionem
686 4015 849 4078 homicidii
871 4014 1045 4099 persolvat,
1080 4028 1107 4080 et
1143 4019 1187 4081 ad

73 4140 203 4214 partem
237 4125 316 4209 repis
348 4124 394 4188 bis
425 4122 618 4208 wereqildum
651 4143 739 4188 auom
760 4122 809 4196 13;
842 4121 952 4184 coeteri
979 4123 1185 4196 coniuratores

76 4231 366 4316 simtseperius1⁴
401 4229 440 4292 de
458 4228 598 4312 perimis
623 4227 809 4290 dictumest.
