3020 5174
725 429 797 474 LEX
818 425 1024 474 mistorum.

864 649 900 700 x.

372 737 409 806 Si
441 738 481 806 de
511 740 569 806 lito
591 738 688 805 fuerit
711 738 941 816 incrimitatus,
978 759 1036 802 sue
1060 746 1176 822 quarta
1199 755 1295 799 manu
1319 754 1424 798 suora-

324 851 468 913 mentum
491 845 644 933 perficiat,
670 855 728 910 aut
752 845 779 910 si
802 843 981 932 negaverit,
1005 854 1038 908 et
1060 841 1220 908 homicida
1235 837 1424 927 profugerit,

325 975 362 1018 ea
387 974 470 1038 quoe
494 952 642 1037 superius
667 951 787 1038 scripta
809 959 884 1014 sunt
909 971 967 1034 per
990 947 1133 1014 ordinem
1152 953 1185 1000 ³³
1216 945 1358 1032 impleat.

546 1177 643 1224 nuuc
667 1175 892 1224 wuuuuruus
910 1163 942 1207 ³4
973 1175 1128 1223 uoumrr
1146 1160 1201 1220 ³⁵:

852 1379 898 1426 x1.

371 1466 406 1534 Si
430 1466 503 1553 quis
527 1489 673 1547 servum,
698 1475 757 1531 aut
780 1466 945 1547 ancillam,
971 1466 1149 1542 caballum,
1176 1465 1309 1544 bovem,
1327 1487 1426 1542 ovem,

325 1573 377 1640 vel
409 1573 630 1656 cuiuscunque
661 1572 790 1660 generis
821 1572 957 1651 animal,
989 1571 1042 1636 vel
1078 1570 1296 1657 quodeunque
1315 1571 1426 1634 ‘homo

324 1677 366 1744 ad
389 1701 485 1744 usum
509 1679 724 1744 necessarium
747 1679 781 1742 in
805 1689 963 1765 potestate
990 1677 1157 1755 habuerit,
1174 1699 1278 1755 uma,
1295 1687 1425 1752 vestem,

324 1783 475 1850 utensilia
514 1783 698 1869 quaelibet,
738 1795 771 1849 et
810 1785 1001 1871 pecuniam,
1042 1782 1097 1849 alii
1136 1783 1178 1848 ad
1217 1781 1427 1848 auferendum

324 1888 510 1976 exposuerit
527 1893 578 1968 36,
604 1889 630 1955 si
662 1890 716 1955 ille
747 1891 804 1975 qui
828 1890 959 1955 abstulit
983 1889 1086 1977 patria
1109 1888 1307 1976 profugerit,
1333 1911 1426 1974 expo-

325 1995 403 2060 sitor
441 1994 570 2060 tortium
600 1995 779 2080 portionem
811 1995 1046 2082 compositionis
1058 1998 1090 2046 ³⁷
1121 1995 1283 2074 exsolvat,
1324 1995 1426 2060 autri
1485 1971 1486 1992 Χ

325 2122 445 2188 negare
481 2098 639 2178 voluerit,
675 2100 788 2165 maiori
827 2100 880 2165 vel
922 2101 1038 2165 minori
1077 2109 1291 2178 sacramento,
1335 2110 1427 2187 prout

326 2204 465 2291 qualitas
487 2205 644 2291 pecuniae
667 2204 785 2284 fuerit,
811 2227 845 2270 se
869 2228 1024 2271 excusare
1048 2204 1159 2283 debet;
1190 2206 1216 2269 si
1240 2207 1298 2291 qui
1322 2207 1426 2271 abstu-

325 2311 383 2389 lit,
416 2332 479 2375 non
511 2309 674 2399 profugit,
706 2311 870 2397 expositor
901 2333 961 2376 neo
992 2311 1095 2392 iuret,
1127 2333 1187 2377 nec
1218 2312 1343 2394 solvat,
1376 2308 1426 2376 sed

325 2427 450 2482 tontum
474 2417 655 2484 iuimicitias
668 2427 786 2504 portet
799 2423 831 2467 ³⁸
860 2418 928 2483 eius
953 2418 1044 2482 ouius
1068 2418 1238 2505 pecuniam
1255 2418 1396 2484 abstulit.

730 2782 760 2848 Τ
784 2781 802 2846 I
826 2781 865 2848 Τ.
911 2782 1029 2850 111³9.

775 2987 938 3036 rmuuur.
956 2975 998 3035 4⁰.

867 3173 891 3218 1.

378 3254 415 3323 Si
446 3257 564 3323 nobilis
594 3256 719 3323 furtum
743 3258 911 3344 quodlibet
935 3260 1054 3329 dieitur
1077 3273 1296 3350 perpetrasse,
1320 3276 1356 3331 et
1378 3286 1423 3330 oe·

330 3385 409 3451 gare
444 3362 603 3442 voluerit,
641 3386 714 3454 oum
738 3365 884 3452 quinque
907 3368 1189 3434 sacramentalibus
1212 3370 1316 3447 iuret3
1365 3368 1423 3458 (11.)
1482 3425 1483 3428 ,

331 3480 389 3534 aut
424 3469 450 3533 si
486 3492 605 3558 negare
640 3493 704 3536 non
739 3473 898 3558 potuerit,
935 3473 1023 3558 quod
1059 3475 1207 3554 abstulit,
1239 3476 1274 3541 in
1298 3477 1424 3564 duplum

330 3575 498 3655 restituet,
523 3575 622 3642 etad
646 3587 770 3664 portem
794 3578 880 3667 regie
899 3577 1046 3644 LXXX
1069 3581 1188 3648 solidos
1211 3604 1270 3668 pro
1295 3580 1420 3650 freda⁴¹
1482 3573 1483 3655 i

332 3691 516 3768 componat,
540 3682 602 3748 hoo
626 3694 674 3748 est
696 3685 908 3772 weregildum
920 3690 953 3734 42
983 3707 1087 3752 suum.

856 3808 908 3854 111.

381 3887 419 3955 si
449 3889 531 3955 liber
561 3890 641 3958 furti
672 3905 847 3980 arguatur,
879 3904 911 3960 et
937 3918 1056 3984 negare
1080 3897 1235 3978 voluerit,
1260 3920 1319 3966 sua
1343 3909 1422 3966 sextu

332 4017 430 4060 manu
462 4017 537 4061 oum
567 4020 671 4084 aeque
703 3999 812 4064 liberis
843 4001 947 4080 iuret,
978 4013 1035 4067 aut
1070 4004 1098 4068 ei
1129 4002 1294 4070 confossus
1316 4004 1421 4080 fuerit,

331 4123 401 4168 rem
436 4123 532 4187 quum
567 4104 700 4170 abstulit
734 4105 767 4171 in
803 4105 937 4194 duplum
969 4109 1134 4190 restituet,
1166 4121 1198 4176 et
1230 4111 1272 4176 ad
1307 4123 1419 4199 partem
1480 4155 1481 4158 κ

327 4207 415 4296 regis
438 4230 499 4294 pro
524 4206 615 4276 fredo
639 4210 848 4298 weregildum
873 4234 977 4280 suum.
