3028 5184
338 416 399 479 156
752 409 867 476 lsnsx
888 411 1026 477 Restm.

342 629 382 667 sa
394 609 504 666 nias:
535 609 558 666 si
578 600 631 686 per
650 607 759 665 fistulas
779 607 933 683 (vulneris)
954 608 1047 664 sanies
1067 607 1193 666 decurrit
1213 609 1297 670 Adit.
1314 611 1364 676 ΙΙΙ,
1376 611 1413 670 lb.

382 697 429 774 Os.
450 700 565 763 humor,
584 698 729 774 liduwagi.

340 789 528 865 eapieust
559 787 674 844 Additio
694 787 855 863 sapientum
875 789 968 844 inser.
984 804 1019 860 p.
1039 785 1087 845 27.

339 877 621 936 satisfaceret
652 877 806 933 satisfaciat
836 877 862 932 ei
892 875 1033 932 solutione
1064 876 1209 952 weregildi
1238 877 1289 941 IX,
1318 877 1356 934 10.
1376 875 1412 952 Os.
1483 871 1486 1048 p

378 966 531 1022 satisfactio
552 975 578 1022 et
599 966 668 1022 vide
688 967 840 1028 redimere,
858 965 1024 1028 emendare,
1043 983 1223 1041 componere.

337 1055 611 1114 satisfactio:
639 1064 790 1130 componat
820 1055 847 1110 ei
881 1053 1066 1129 weregildum
1086 1053 1123 1109 sd
1144 1054 1355 1112 satisfactionem
1372 1053 1414 1117 ΙΙ,

376 1143 414 1207 8ς
435 1147 475 1217 ef.
494 1144 666 1201 satisfacere.

339 1232 535 1310 scapulas
555 1233 579 1288 si
598 1234 705 1289 humor
724 1231 756 1287 iu
775 1230 950 1294 summitate,
969 1249 1027 1305 qua
1050 1231 1201 1288 brachium
1222 1231 1347 1308 scapulae
1362 1234 1415 1288 iun·
1481 1190 1485 1280 l

377 1322 455 1398 gitur
473 1320 569 1385 XXII,
589 1320 636 1378 ¹10.
658 1319 713 1385 tt,
735 1319 885 1378 brachium
905 1319 985 1376 iuxta
1004 1319 1149 1394 scapulam
1170 1320 1322 1378 abscissum
1340 1319 1417 1384 XXII,
1482 1313 1484 1396 Ι

378 1410 425 1469 77.
449 1410 498 1484 Os.
516 1410 677 1467 brachium.

337 1500 499 1558 scelus=
525 1499 549 1555 si
569 1499 645 1554 idem
665 1497 756 1555 scelus
775 1497 801 1554 ei
821 1497 980 1572 imputetur
1000 1497 1037 1570 (i.
1055 1516 1079 1553 e.
1099 1497 1123 1552 si
1144 1497 1289 1554 bominem
1308 1497 1359 1554 allo
1375 1499 1416 1554 ho·

378 1589 452 1646 mini
482 1587 518 1644 ad
538 1587 725 1644 occidendum
746 1587 922 1663 exposuerit)
943 1584 984 1649 II,
1005 1584 1033 1646 5.
1054 1585 1081 1645 7.
1104 1585 1140 1649 9,
1160 1587 1184 1642 si
1205 1586 1241 1643 de
1260 1586 1352 1642 eodem
1369 1604 1416 1642 sce·
1478 1626 1483 1669 5

376 1678 436 1735 lere
459 1677 546 1733 fuerit
566 1677 766 1733 incriminatus
787 1675 828 1740 ll,
848 1675 883 1739 9³
904 1675 927 1732 si
948 1674 1054 1732 dicitur
1073 1674 1130 1730 tale
1150 1675 1243 1730 scelus
1262 1683 1416 1750 perpetrasse

376 1765 417 1831 ΙΙ,
447 1765 481 1829 6;
512 1784 566 1840 pro
585 1766 653 1823 facti
673 1768 709 1838 ti.
730 1783 752 1822 e.
771 1764 855 1836 furti)
875 1764 980 1820 scelere
999 1771 1150 1839 componat
1172 1763 1225 1829 IX,
1249 1763 1291 1820 tt.
1314 1762 1356 1838 Os.
1373 1764 1415 1819 orl·

376 1875 456 1921 men,
474 1856 597 1912 facinus.

337 1963 533 2003 sereonas
563 1945 587 2001 si
617 1944 682 2017 quis
712 1961 861 1999 soreonam
891 1939 1036 2018 effregerit
1067 1941 1155 2002 Adel.
1187 1942 1214 2007 Ι,
1244 1943 1271 2001 3.
1304 1941 1348 2018 Os.
1367 1941 1416 1998 fur·
1479 1912 1483 1957 l

375 2043 448 2097 tum,
467 2034 518 2091 ris.

335 2131 517 2178 scutum=
547 2121 776 2198 os,utiactum
798 2120 963 2176 insontum
983 2120 1081 2176 audiri
1099 2121 1187 2196 possit
1206 2121 1302 2186 XXII,
1320 2121 1362 2176 tl.
1380 2116 1416 2175 tt.
1482 2183 1483 2186 Ἴ

374 2208 462 2266 Add.
483 2209 540 2274 ΙΙΙ,
560 2209 607 2266 24.
630 2208 677 2282 Os.
697 2228 738 2266 os.
1479 2198 1482 2263 Ι

335 2299 516 2356 seditiot
546 2299 569 2356 si
597 2297 733 2374 quislibet
753 2297 784 2352 in
805 2296 943 2354 seditione
962 2316 995 2354 ac
1015 2300 1100 2356 turba
1119 2301 1221 2375 populi
1240 2301 1326 2358 fuerit
1342 2301 1416 2355 inter·

373 2389 464 2445 fectus
483 2387 563 2453 XIV,
587 2388 611 2445 l.
635 2387 681 2462 Of.
701 2385 839 2444 occidere.

336 2477 547 2535 remissis:
576 2480 598 2534 i.
619 2497 642 2534 e.
662 2476 769 2533 solidus
789 2475 947 2532 dimidius=
967 2485 1011 2532 tor
1031 2475 1123 2532 solido
1143 2485 1171 2533 et
1190 2479 1306 2535 semisse
1323 2495 1417 2553 compo·

372 2576 461 2623 natur
480 2565 568 2623 Add.
589 2565 646 2631 ΙΙΙ,
666 2563 712 2622 29.
734 2563 789 2626 423
810 2568 850 2638 cs.
870 2565 1006 2621 tremissis
1026 2573 1054 2620 et
1073 2565 1189 2624 solidus.

335 2674 405 2712 sen
419 2663 487 2712 ten
498 2655 576 2712 tiae
604 2653 744 2711 sententia
764 2654 881 2730 capitali
900 2653 1041 2730 puniatur
1061 2656 1150 2712 Add.
1171 2655 1198 2719 Ι,
1217 2656 1246 2713 3.

334 2763 554 2821 separare:
582 2743 605 2800 si
636 2744 702 2819 quis
723 2743 836 2800 illicitas
856 2743 973 2819 nuptias
992 2745 1176 2809 contraxerit.
1196 2743 1371 2820 separabitur
1387 2741 1416 2796 ab

375 2851 461 2891 uxore
481 2853 533 2889 sua
553 2832 643 2889 Actct.
663 2831 720 2894 III,
739 2831 786 2890 77,
806 2830 854 2887 78.
877 2830 923 2906 Os.
943 2833 1071 2907 nuptiae.

333 2931 511 2999 septeme
539 2941 597 2978 uon
636 2921 760 2996 amplius
796 2939 883 2994 quam
916 2929 1020 2995 septem
1053 2921 1184 2978 homines
1215 2922 1252 2979 de
1282 2918 1415 2978 homicidio

371 3010 577 3086 interpellandi
597 3018 665 3066 sunt
685 3008 763 3072 XlV,
787 3009 810 3067 l.
832 3008 861 3069 3.

334 3101 473 3174 sequit
501 3099 552 3172 qui
580 3098 668 3154 secuti
691 3106 757 3154 suut
777 3116 842 3153 eum
865 3098 928 3172 (qui
949 3117 1038 3154 manu
1059 3098 1175 3155 collecta
1198 3099 1297 3156 villam
1316 3098 1414 3155 alterius

370 3187 512 3243 hostiliter
531 3185 761 3254 circumdederit)
781 3185 876 3250 XVII,
896 3185 924 3244 lt.

332 3274 531 3333 servilis:
559 3273 610 3348 qui
630 3291 702 3349 opus
720 3274 822 3330 servile
841 3273 888 3329 die
908 3273 1051 3331 dominico
1069 3275 1167 3332 fecerit
1186 3275 1300 3340 XVIII,
1322 3277 1345 3334 l.

332 3364 580 3422 servitium:
609 3362 634 3418 si
660 3361 735 3420 liber
764 3363 850 3420 homo
870 3362 901 3418 in
921 3363 1066 3420 servitium
1086 3364 1132 3420 liti
1151 3384 1180 3421 se
1200 3364 1358 3422 subdiderit
1374 3359 1416 3424 tl,

374 3454 398 3512 l.
421 3450 468 3527 Os.
488 3451 566 3509 litus.

330 3542 539 3600 servitust
571 3539 708 3613 adquIrnt
726 3557 791 3596 euru
813 3540 868 3596 sibi
887 3539 924 3595 ad
945 3540 1109 3598 servitutem
1138 3543 1207 3614 (liti)
1228 3543 1281 3607 XI,
1301 3543 1335 3610 25
1354 3542 1415 3597 iuret

368 3639 396 3688 et
415 3630 549 3688 servitute
568 3627 637 3704 (liti)
657 3627 797 3684 liberetur
816 3628 868 3691 XI,
891 3628 915 3685 l.
939 3627 984 3701 Os.
1004 3629 1083 3686 litus.

333 3737 499 3776 serrus=
529 3722 562 3790 a)
589 3716 619 3781 I,
650 3715 693 3772 ll.
718 3716 837 3773 13-16.
859 3716 903 3774 19.
924 3715 970 3774 22.
1001 3716 1040 3780 ΙΙ,
1064 3718 1108 3774 ll.
1138 3719 1195 3784 III,
1216 3720 1299 3778 5-7.
1327 3718 1374 3782 IV,
1394 3716 1413 3772 l.

367 3807 421 3870 IX,
444 3806 488 3864 17.
509 3805 545 3868 X,
564 3809 656 3862 inser.
678 3813 705 3862 et
724 3825 746 3860 c.
772 3806 796 3862 l.
817 3804 846 3862 2.
875 3804 937 3865 XV,
958 3805 984 3862 4.
1017 3805 1129 3870 XVIII,
1147 3806 1176 3864 2.
1203 3808 1269 3874 XX,
1290 3810 1317 3867 3.
1337 3805 1412 3866 Ado.

369 3894 435 3959 Vll,
468 3895 492 3952 l.
524 3893 608 3957 VIII,
629 3895 654 3952 Ι.
675 3891 703 3950 2.
733 3897 762 3962 b)
782 3893 814 3951 si
834 3894 899 3967 quis
918 3913 1032 3951 serrum
1052 3894 1170 3953 alterius
1188 3897 1332 3961 occiderit,
1349 3913 1413 3952 com-

368 3993 456 4060 ponat
473 4003 539 4042 eum
561 3991 613 4040 etc.
634 3981 660 4047 l,
685 3981 727 4038 ll.
747 3980 803 4046 IV,
824 3982 853 4045 l,
875 3982 1039 4058 compositio
1058 3983 1132 4039 servi
1152 3984 1215 4049 XV,
1234 3984 1270 4048 t,
1290 3986 1314 4042 si
1330 4000 1414 4042 sertus

367 4073 505 4137 nobilem,
533 4090 584 4129 seu
609 4071 746 4136 liberum,
773 4079 822 4127 aut
850 4071 934 4128 litum
963 4072 1097 4128 occiderit
1117 4072 1142 4136 l,
1164 4072 1283 4131 13-16.
1306 4073 1348 4131 19.
1367 4071 1411 4130 22÷

367 4163 391 4222 si
411 4180 508 4220 sertus
527 4161 598 4218 furti
618 4179 685 4219 reus
703 4178 762 4217 esse
781 4161 894 4218 dicatur
913 4160 968 4226 ΙΙΙ,
989 4160 1123 4236 5-7ς,εἰ
1142 4178 1413 4238 serrusremquam·

363 4251 434 4309 libat
463 4249 572 4306 furasse
602 4249 647 4306 rel
675 4267 780 4307 noxam
801 4258 978 4325 perpetrasse
997 4249 1111 4308 dicatur
1130 4248 1199 4316 XII,
1220 4251 1245 4308 l.
1267 4251 1303 4317 2,
1324 4251 1346 4307 si
1363 4266 1411 4306 ser-
