3028 5184
492 449 609 514 innox
630 447 770 512 Rursum.
1125 453 1184 512 lttt

84 664 142 701 ose
172 652 202 699 ut
232 644 332 700 ourrlus
353 645 396 700 vel
416 663 447 700 os
468 653 635 719 torqueatur
657 645 746 701 And.
768 644 825 709 ΙΙΙ,
849 645 883 703 18
904 655 930 702 et
951 646 1027 703 Iud.
1049 645 1135 702 Wnl.
1155 645 1183 703 7.

122 732 260 807 (uterque
280 737 359 791 loreto
380 735 527 792 loredotns
548 733 722 790 Wulemart‘
741 740 805 806 est).
829 733 877 808 Os.
899 737 1014 794 vulnus.

83 843 138 880 oss
168 822 192 878 si
212 841 243 878 os
264 825 297 891 (i.
317 843 341 879 e.
363 826 445 896 testa)
464 824 641 899 perforatum
663 823 750 878 fuerit
770 823 867 888 XXII,
886 825 919 888 6,
940 827 963 881 si
983 844 1014 880 os
1032 824 1183 899 quodeun-

119 931 177 986 que
206 912 283 968 ferro
311 913 471 986 praecisum
502 913 591 968 inerit
625 913 715 969 Add.
745 912 802 978 ΙΙΙ,
822 911 877 976 27,
898 915 922 969 si
941 913 1051 970 ferrum
1072 915 1103 969 in
1124 935 1185 972 osse

117 1002 228 1076 figatur
257 1002 347 1057 Add.
377 1001 434 1064 111.
455 1000 510 1063 25³
531 1003 554 1058 si
575 1021 606 1057 os
629 1001 663 1074 (i.
684 1021 706 1058 e.
727 1005 810 1070 testa)
830 1003 998 1079 apparuerit
1018 1004 1108 1060 Add.
1128 1003 1185 1067 ΙΙΙ,

117 1088 175 1152 26,
196 1090 220 1144 si
241 1109 300 1145 ossa
322 1091 459 1165 (brachii)
479 1092 570 1147 fracta
590 1091 696 1147 fuerint
721 1090 815 1157 XXII,
835 1091 883 1156 25,
903 1091 958 1157 26,
979 1093 1003 1149 si
1022 1111 1053 1150 os
1072 1095 1183 1165 (noxae)

117 1185 312 1235 transversum
333 1179 451 1256 fregerit
470 1178 564 1243 XXII,
583 1179 633 1242 60,
653 1181 677 1235 si
697 1198 758 1235 ossa
779 1179 1182 1247 devnlnereenierintXXII',

118 1265 240 1324 71-74.
261 1268 352 1325 Ado.
372 1268 429 1332 ΙΙΙ,
448 1268 495 1325 24.
519 1268 567 1343 Os.
588 1277 669 1331 testa,
689 1269 770 1326 tibia.

80 1356 328 1416 ostenderes
358 1358 479 1414 ferventi
509 1376 584 1432 aqna
614 1377 643 1414 se
673 1357 856 1415 innocentem
887 1360 1017 1416 ostendat
1046 1361 1127 1426 XIV,
1146 1362 1180 1425 3;

117 1447 209 1502 aliurn
240 1465 322 1503 reum
352 1447 499 1503 homicidii
529 1448 660 1504 ostendat
689 1447 769 1511 XIV,
797 1446 832 1512 4,
854 1447 924 1505 deus
943 1450 1105 1506 exorandus
1125 1451 1182 1508 evi-

117 1535 199 1591 denti
219 1536 299 1612 signo
319 1535 459 1601 ostendat,
478 1538 529 1610 qui
549 1556 646 1593 verum
667 1536 808 1593 iurassent
828 1535 905 1594 XIV.
929 1537 953 1595 l.

79 1626 188 1683 ovis:
219 1623 257 1690 II,
281 1625 323 1683 ΙΙ.
345 1625 397 1689 lt,
417 1625 445 1683 2.
468 1624 515 1699 Os.
536 1626 657 1683 animal.

81 1805 126 1862 Pa
139 1824 217 1883 gan
229 1824 291 1863 use
320 1805 372 1878 qui
390 1804 568 1880 mancipium
593 1807 623 1860 iu
644 1824 770 1880 paganas
791 1813 889 1879 gentes
910 1805 1071 1864 vendiderit
1090 1808 1185 1875 XVII,

116 1895 147 1952 5.
170 1893 217 1970 Of.
238 1894 351 1958 fanum,
371 1893 529 1951 immolare.

79 1985 237 2061 palmae
265 1984 364 2059 palma
394 2002 496 2040 manns
526 1983 648 2040 absoissa
677 1982 770 2040 XXII.
801 1982 849 2041 34.
879 1983 967 2043 Add.
999 1987 1041 2053 ΙΙ,
1071 1989 1099 2049 6.
1134 1989 1181 2063 Os.

116 2093 233 2131 manus.

79 2164 307 2240 palpebra:
338 2163 362 2218 si
392 2163 560 2240 palpebram
594 2163 787 2219 vulneraverit
818 2162 915 2227 XXII,
949 2165 992 2222 15.
1017 2164 1105 2225 Adel.
1126 2169 1181 2233 ΙΙΙ,

9 2299 10 2302 ,
119 2253 166 2310 19.
189 2251 237 2327 Of.
256 2253 364 2309 ooulus.

78 2350 200 2419 pantr
228 2341 341 2398 sustulit
373 2342 502 2418 pignoris
532 2343 659 2404 nomine,
677 2341 754 2414 quod
775 2349 846 2415 pant
865 2340 965 2398 dieunt
987 2344 1077 2403 Adel.
1099 2346 1183 2413 VIII,

118 2431 148 2490 2.
170 2430 217 2501 Of.
238 2433 353 2507 pIgnus.

78 2530 304 2598 parentes:
326 2521 349 2578 si
378 2522 443 2596 quis
462 2521 584 2577 liberam
605 2520 759 2577 foeminam
782 2529 862 2576 extra
883 2521 1056 2579 voluntatem
1078 2546 1182 2602 paren-

118 2619 181 2668 tum
200 2612 263 2668 eius
282 2631 399 2668 uxorem
420 2611 532 2668 duxerit
553 2610 606 2673 IX,
628 2610 671 2668 ΙΙ.
696 2609 742 2684 Os.
764 2619 858 2686 pater,
879 2619 964 2668 tutor.

78 2703 243 2778 paries:
273 2703 297 2757 si
318 2722 406 2759 unam
434 2701 571 2778 parietem
602 2700 690 2773 (nasi)
709 2702 928 2777 transpunxerit
948 2700 1036 2760 Add.
1059 2703 1112 2767 III,
1133 2705 1180 2764 64.

119 2793 171 2866 (cf.
192 2791 330 2867 parietem
349 2791 452 2847 domus
476 2791 510 2855 V,
533 2790 570 2865 Ι).
593 2789 640 2863 Cf.
662 2809 757 2845 nasus.

78 2900 97 2956 p
112 2899 183 2936 arr
193 2881 202 2934 i
214 2899 230 2934 o
242 2881 251 2936 i
263 2881 280 2935 d
292 2881 302 2935 i
315 2899 332 2935 n
347 2899 391 2938 ma
425 2879 465 2936 Ile
485 2877 646 2956 parricidiis
667 2877 744 2940 XIX,
764 2880 857 2937 inser.
880 2878 927 2952 Os.
947 2881 1146 2941 homicidium.

79 2979 219 3046 pater:
247 2969 270 3025 si
299 2968 364 3044 quis
394 2969 521 3044 puellam
550 2966 729 3044 rapuerit,.,
760 2967 876 3023 tertium
895 2970 1081 3044 weregildum
1101 2976 1179 3048 patri

118 3059 175 3116 sire
206 3057 293 3114 tutori
324 3057 439 3134 puellae
459 3057 512 3114 IX.
531 3057 569 3122 9,
588 3058 612 3113 si
632 3057 697 3132 quis
716 3057 834 3112 fratrem
856 3076 941 3114 suum
961 3059 1107 3126 occiderit,
1125 3063 1181 3119 sol-

119 3155 165 3203 vat
193 3166 259 3204 eum
277 3149 415 3221 ...patri
447 3146 525 3208 XIX,
545 3145 581 3211 2;
602 3146 625 3202 si
646 3146 711 3220 quis
729 3155 839 3221 patrem
860 3165 944 3202 suum
964 3148 1180 3214 occideritne.

80 3326 242 3402 patrias
270 3326 294 3381 si
324 3325 375 3399 qui
406 3344 472 3380 eum
503 3325 605 3383 occidit
635 3325 730 3400 patria
761 3325 860 3380 reliota
879 3327 1038 3402 profugerit
1057 3332 1093 3402 (si
1114 3351 1181 3388 vero

116 3415 194 3471 infra
214 3414 337 3490 petriam
358 3424 409 3478 est,
428 3416 494 3485 ete.)
515 3413 555 3478 ΙΙ,
577 3414 601 3471 Ι.
623 3414 705 3470 3-7.
731 3412 783 3475 ΙΙ,
804 3415 912 3487 siquis
933 3415 1078 3474 hominem
1100 3430 1180 3478 extra

116 3505 242 3580 patriam
262 3503 421 3560 vendiderit
443 3501 521 3566 XXI,
544 3503 569 3559 Ι.
592 3501 639 3576 Of.
659 3501 789 3558 exilium.

79 3613 171 3669 pax:
191 3593 226 3648 de
246 3611 314 3669 paee
334 3591 438 3649 faidosi
459 3593 547 3649 And.
569 3592 604 3655 Ι,
624 3594 716 3647 inser.
726 3610 738 3656 ,·
759 3608 858 3666 paoem
878 3591 983 3648 habeat
1002 3593 1129 3654 faidosus
1148 3601 1179 3655 in

116 3683 253 3746 eeclesia,
280 3683 311 3739 in
341 3683 425 3739 domo
457 3690 509 3738 eto.
539 3679 627 3738 Actu.
659 3679 692 3744 Ι,
714 3679 748 3744 Ι,
780 3679 832 3753 qui
852 3680 927 3735 bano
947 3700 1048 3757 paoem
1067 3684 1179 3763 effregit

116 3771 205 3830 Add.
226 3772 257 3836 Ι,
282 3772 307 3828 Ι.
331 3771 378 3846 Os.
399 3771 536 3828 faidosus.

79 3871 231 3937 peotnsr
252 3860 276 3917 si
296 3861 361 3934 quis
380 3861 470 3917 alium
490 3869 587 3936 peetus
607 3859 742 3917 foraverit
763 3857 859 3922 XXII,
881 3857 929 3916 tt.
949 3860 1037 3920 Add.
1058 3862 1113 3928 ΙΙΙ,
1133 3864 1180 3924 lb.

79 3951 267 4025 peonniar
287 3956 318 4021 a)
338 3951 362 4006 si
381 3950 450 4006 litus
474 3969 503 4006 se
528 3949 644 4025 propria
664 3949 787 4025 pecnnia
808 3968 825 4004 a
845 3948 963 4006 domino
982 3970 1032 4008 suo
1053 3954 1183 4012 redeme-

116 4039 156 4096 rit
174 4039 236 4104 XI,
256 4039 293 4102 2,
314 4040 338 4095 si
357 4039 421 4115 quis
441 4039 593 4115 pecuniam
614 4039 668 4094 alii
686 4039 723 4094 ad
743 4037 934 4095 auferendum
957 4043 1119 4115 exposuerit
1139 4045 1185 4108 ΙΙ,

120 4129 173 4194 ΙΙ,
204 4129 227 4185 si
258 4130 341 4185 bomo
363 4128 413 4184 alii
433 4130 585 4204 pecuniam
605 4127 789 4204 praestiterit,
810 4126 895 4189 talem
916 4129 1018 4185 reddat
1037 4132 1133 4206 qualis
1151 4136 1180 4190 ei

116 4219 254 4294 praestita
284 4227 336 4282 est,
368 4219 459 4275 Ado.
488 4217 526 4282 X,
549 4219 572 4275 l.
595 4220 622 4288 6)
643 4215 779 4274 dominns
798 4217 872 4272 servi
893 4217 924 4272 in
945 4220 1111 4278 vestimento
1129 4223 1177 4279 vel

117 4308 241 4382 pecunia
261 4309 360 4364 iurare
379 4308 481 4382 poterit
501 4307 569 4370 XII,
589 4304 624 4370 2,
646 4311 683 4381 cs.
703 4317 924 4362 sacramentum.
