3028 5184
407 412 499 476 Ano.
519 411 602 476 Snr.
646 411 675 476 Τ
698 429 711 474 1
732 430 763 475 r.
786 411 846 476 IV.
1118 415 1178 480 107

90 609 157 668 houd
183 609 359 684 inoogoitum
390 617 419 662 ot
444 617 570 681 quatuor
589 607 687 664 solidis
708 607 877 663 mulctatum
898 605 996 669 fuisse,
1015 608 1090 663 oonf.
1109 628 1179 684 poe-

89 717 147 755 nam
175 697 192 755 4
211 698 380 760 solidorum,
399 715 457 772 qua
477 715 512 754 ex
532 696 657 773 capitulo
677 695 716 754 83
737 697 779 754 tit.
800 693 880 753 XXII
901 694 972 770 legis
992 693 1064 752 Fris.
1084 698 1178 754 mulo·

90 797 155 844 tetur
182 788 259 863 oqui
286 786 377 842 alium
396 786 476 842 iuxta
495 804 601 861 uquam
622 793 743 842 stantem
763 785 793 840 in
814 802 921 859 aquam
941 783 1125 858 proieoerit''‚
1144 787 1175 843 iu

88 876 200 952 onpilulo
230 876 263 932 4l
287 874 364 930 tituli
386 873 430 930 Ill
450 872 613 930 rddirtonis
633 875 819 949 triplicatam.
860 871 953 928 Poena
973 872 1060 931 huius
1080 875 1177 932 delicti

87 974 202 1041 ternpore
233 973 324 1022 uetere
345 962 377 1018 iu
396 972 520 1039 quatuor
540 963 656 1027 solidos.
673 972 702 1021 et
722 972 851 1038 tempore
870 960 1031 1019 Idditionie
1052 963 1121 1039 Sap.
1141 965 1174 1021 in

88 1063 124 1110 ter
132 1062 252 1129 quatuor
261 1052 365 1108 solidos
383 1052 550 1116 constituto,
569 1052 756 1116 demonstrat,
775 1051 912 1107 delictum
933 1049 1084 1108 titulorum
1110 1052 1175 1110 Illb

87 1153 109 1200 et
135 1143 173 1201 vl
192 1143 352 1200 Additiouis
372 1141 482 1199 delictis
502 1142 663 1200 minoribus
682 1141 907 1198 adnumeratum
927 1139 1025 1206 fuisso,
1044 1160 1103 1198 non
1123 1162 1177 1200 uu-

87 1241 135 1290 tem
160 1232 216 1290 duo
236 1241 286 1289 aut
306 1240 362 1288 lres
381 1231 441 1288 eius
460 1231 567 1307 gradus
585 1232 618 1288 in
637 1232 700 1307 loge
720 1230 883 1288 Frisionum
903 1240 1175 1295 oommemorautur.

86 1341 148 1396 quos
175 1325 206 1378 iu
237 1322 303 1378 aliis
331 1322 503 1378 criminibus
532 1321 679 1378 distinctos
713 1320 846 1384 vidimus,
866 1320 942 1377 oonf.
962 1321 1089 1394 quaein
1108 1329 1178 1378 nota

89 1411 125 1468 15.
153 1432 181 1487 p.
210 1410 249 1470 85
280 1410 357 1468 dioto
386 1419 452 1468 suut
483 1410 519 1467 do
550 1411 671 1468 erimine
702 1411 733 1466 in
764 1429 828 1485 cap.
849 1409 887 1466 83
907 1410 984 1466 111011
1003 1408 1086 1466 XXII
1104 1409 1176 1484 logis

86 1500 148 1556 Fris.
175 1509 306 1566 tractato,
335 1509 412 1577 quod
443 1500 475 1556 iu
495 1501 559 1558 iure
579 1500 685 1558 Frisioo
704 1501 859 1558 recentiore
880 1500 1106 1574 wopai-depone
1124 1518 1177 1556 uo·

86 1591 216 1648 minatum
237 1599 289 1648 est.
330 1589 378 1647 lus
398 1590 476 1648 tituli
495 1590 559 1647 lllb
579 1591 653 1648 ndd.
674 1591 742 1667 Sap.
763 1591 908 1646 conferam
928 1608 995 1646 oum
1013 1589 1175 1665 iure‚quod

85 1687 209 1738 stalulum
229 1691 273 1738 est
293 1682 326 1738 in
346 1681 458 1756 legibus
477 1683 685 1740 recentioribus
704 1681 812 1738 Frisiao
834 1681 960 1738 mediaei
982 1683 1084 1737 bwauo
1096 1700 1175 1738 oreon

85 1769 146 1826 deti
165 1790 211 1829 een
232 1773 469 1846 wei-ocbettinge
488 1771 520 1844 (i.
539 1790 566 1832 0.
586 1773 706 1830 verbum
726 1771 763 1826 ad
779 1771 913 1827 verbum:
926 1770 1174 1842 riaeoleusuram)

85 1856 100 1913 2
117 1861 192 1916 01000
210 1860 244 1933 (ἱ.
267 1881 292 1918 0.
313 1861 331 1916 2
350 1860 473 1933 uncias).
492 1869 537 1918 et:
558 1863 660 1918 leworo
683 1861 790 1918 oderen
809 1861 880 1917 deth
900 1879 949 1916 een
971 1863 1175 1935 wei-meringe

85 1947 110 2019 (i.
136 1967 159 2006 e.
188 1950 251 2007 riae
270 1949 505 2021 retardationem)
530 1949 565 2008 10
584 1953 732 2026 errqeleebe
745 1953 914 2024 pennivago,
934 1949 1022 2006 l'ries.
1043 1949 1177 2025 Rechtsq.

85 2056 107 2111 p.
135 2037 190 2096 473
219 2040 232 2115 ξ
265 2038 302 2096 74
332 2038 1177 2104 0175,00010000υωί11107010100001001011000000-

85 2127 156 2192 tiore,
185 2128 265 2204 quod
296 2137 352 2185 tres
382 2129 488 2204 gradus
518 2129 613 2186 delicti
645 2130 855 2186 wei-wendeno
887 2128 921 2202 (i.
950 2147 975 2187 e.
996 2129 1116 2186 verbum
1136 2129 1174 2184 ad

84 2217 209 2277 rerbumi
236 2219 300 2275 viae
327 2218 462 2287 reversio)
490 2218 559 2276 dicti
586 2228 614 2276 01
638 2220 817 2294 gravioribus
836 2219 934 2294 poeuis
954 2219 1095 2282 mulctati.
1115 2217 1175 2274 dis-

84 2305 181 2372 0000110
211 2306 289 2365 oouf.
318 2306 363 2363 ius
394 2306 576 2383 limisgouiae
599 2317 626 2364 et
647 2308 862 2364 Brolrmenuiae
882 2309 912 2364 Iu
934 2307 1022 2364 Frieo.
1043 2308 1175 2383 Reoblsq.

84 2414 107 2469 p.
128 2397 174 2463 97,
197 2397 240 2456 10.
264 2395 322 2454 238
340 2405 400 2453 not.
421 2395 448 2453 2.
468 2395 526 2454 239
545 2396 559 2470 ξ
579 2396 613 2453 31
637 2405 664 2452 01
684 2416 712 2471 p.
735 2395 786 2452 161
810 2396 823 2471 ξ
845 2397 892 2461 66.
912 2397 957 2454 ius
978 2397 1175 2471 Hunesgouiae

82 2485 145 2542 ibid.
174 2506 201 2562 p.
229 2485 288 2543 340
317 2485 331 2562 ξ
361 2485 409 2548 71,
428 2495 457 2542 01
476 2487 520 2542 ius
540 2485 721 2562 Fivelgoniae
740 2486 772 2543 in
792 2485 887 2542 oodioo
907 2485 960 2543 Ms.
981 2505 1045 2542 meo
1065 2485 1174 2562 Firelg.

83 2592 107 2647 p.
133 2573 177 2633 96.
226 2575 269 2632 De
300 2574 363 2630 iure
391 2574 516 2632 aliorum
545 2574 717 2649 populorum
747 2575 981 2633 Germanicorum
1010 2576 1065 2631 hac
1091 2576 1123 2631 in
1144 2594 1175 2632 re

83 2665 221 2722 eonstituto
256 2663 319 2720 vide
339 2664 392 2740 leg.
424 2663 484 2721 sar.
514 2662 607 2720 XXXI
638 2663 683 2722 ed.
717 2663 828 2721 Merkel
848 2665 887 2738 (et
907 2664 1001 2722 novel.
1021 2664 1059 2722 94
1080 2663 1175 2740 ibid),

83 2751 101 2808 1.
127 2751 186 2828 Rip.
216 2751 333 2817 LXXX,
352 2754 372 2812 l.
394 2753 486 2810 Alam.
508 2751 625 2816 LXVII,
644 2762 672 2808 01
691 2752 744 2810 lid.
765 2753 882 2810 Rotbur.
901 2752 1175 2817 XXVI-XXV1113

83 2841 149 2900 oouf.
179 2843 291 2902 Grimm
312 2843 370 2900 Rn.
402 2863 431 2919 p.
454 2842 511 2900 633
530 2852 556 2899 et
578 2842 676 2899 Wilda
696 2843 799 2900 Stralr.
820 2863 849 2919 p.
870 2842 937 2900 780.
977 2843 1050 2900 Cum
1071 2844 1175 2909 verbis.

83 2931 179 3003 quibus
208 2933 326 2990 Additio
355 2933 426 3009 logis
455 2932 528 2989 Fris.
553 2932 584 2988 in
605 2932 648 2990 tit.
670 2931 734 2990 lIIb
754 2933 858 2996 utitur,
878 2932 985 2989 mirum
1005 2933 1037 2989 in
1058 2932 1175 2989 modum

83 3024 247 3079 conveniunt
280 3023 366 3079 rerba
396 3024 467 3098 legis
498 3022 723 3079 Alamannorum
755 3022 866 3080 LXVI=
895 3023 941 3080 Ile
961 3042 991 3078 00
1010 3025 1064 3097 qui
1083 3026 1176 3080 alteri

84 3112 156 3168 viam
181 3113 417 3169 contradixerit.
466 3109 502 3168 Si
533 3115 601 3186 quie
632 3114 707 3168 liber
736 3113 827 3168 libero
846 3115 879 3170 10
902 3116 953 3170 010
970 3115 1176 3170 0000001010-

84 3204 150 3255 cerit
169 3211 195 3258 et
215 3211 322 3259 contra
343 3205 434 3276 legem
455 3204 482 3258 ei
501 3204 584 3258 niam
613 3204 838 3260 contradixerit
857 3211 914 3259 001
932 3203 1056 3277 aliquid
1073 3206 1100 3259 ei
1120 3206 1176 3260 iol·

84 3289 135 3345 tere
151 3294 293 3356 voluerit,
314 3311 382 3348 oum
402 3289 420 3346 6
438 3291 545 3346 solidis
564 3295 644 3365 (ciem
663 3291 681 3348 3
701 3293 823 3366 solidos)
843 3301 1007 3366 componat,
1024 3293 1070 3350 lex
1081 3293 1175 3350 Alam.

84 3374 213 3435 llarolina
240 3380 287 3437 ed.
322 3378 434 3436 Merkel
452 3379 483 3436 in
502 3378 579 3437 Mon.
601 3379 632 3438 G.
653 3379 710 3436 LL.
733 3379 786 3436 lll.
807 3399 836 3454 p.
860 3380 924 3444 157.
943 3399 1008 3436 oum
1027 3401 1087 3457 qua
1107 3400 1176 3438 oon-

82 3467 192 3524 1001001
221 3469 244 3525 1.
276 3469 370 3526 nram.
402 3467 545 3524 lllotbarii
576 3468 618 3524 tit.
649 3466 756 3524 LXVII
784 3467 855 3524 ibid.
884 3489 914 3545 p.
936 3468 1059 3526 68011.
1080 3471 1174 3530 Alam.

82 3553 275 3614 Lnntfridinna
296 3557 339 3614 tit.
359 3555 440 3614 LVII
460 3557 531 3615 ibid.
554 3577 583 3633 p.
607 3555 670 3615 109.
692 3556 775 3616 Gouf.
794 3566 854 3614 not.
874 3556 922 3615 48.

120 3643 147 3678 *⁷
190 3648 256 3704 Iler.
285 3645 347 3702 Pit.
380 3645 440 3702 IV
437 3665 451 3712 ,·
477 3648 509 3701 in
542 3645 684 3722 complur.
713 3645 780 3704 edit.
810 3645 888 3722 legis.
919 3645 993 3704 Fris.
1024 3648 1174 3706 recentior.

84 3731 139 3790 Tit.
158 3735 193 3791 V
193 3776 200 3797 .
221 3736 376 3792 0001001.
397 3733 444 3793 45.

119 3821 147 3856 ⁴⁸
191 3825 227 3882 ln
258 3834 325 3882 nota
357 3824 394 3881 46
427 3823 527 3882 titulus
555 3823 650 3883 LXVI
676 3825 747 3900 legis
773 3824 867 3885 Alam.
887 3824 991 3883 allatus
1008 3834 1061 3891 est,
1080 3826 1117 3882 nd
1140 3828 1176 3884 u-

83 3910 168 3968 tulum
198 3913 263 3972 Illb
293 3912 453 3970 Additionis
484 3913 539 3990 leg.
567 3912 639 3970 Fris.
670 3933 848 3990 congruensz
881 3916 917 3972 of.
946 3916 1031 3972 etiam
1057 3916 1174 3974 titulum

82 3995 183 4060 LXVII
213 4003 235 4060 l.
264 4003 493 4060 Alamannorum
525 4020 590 4058 oum
621 4002 706 4060 titulo
737 4002 778 4060 IV
807 4004 967 4060 Additionis
997 4004 1051 4080 leg.
1083 4005 1174 4071 Fris.;

81 4091 161 4146 rerba
179 4091 259 4168 legis.
280 4093 373 4149 Alam.
392 4091 548 4148 Xerolinao
568 4100 654 4148 sunt:
674 4093 721 4150 120
741 4111 772 4147 00
793 4096 846 4166 qni
865 4096 997 4150 01100000
1016 4096 1175 4156 0100030ἰί0

81 4179 258 4240 iactaverit.-
291 4183 316 4239 l.
352 4181 388 4239 Si
418 4184 487 4256 quio
514 4184 592 4239 liber
609 4182 739 4238 liberum
761 4185 794 4236 ln
815 4185 865 4238 oio
885 4183 922 4238 de
942 4186 1057 4242 caballo
1076 4189 1174 4244 iacto·
1291 4229 1295 4238 -

82 4271 164 4334 uerit,
195 4281 223 4328 et
254 4275 283 4330 ei
313 4291 379 4330 eum
411 4274 530 4337 tulerit,
558 4280 586 4328 et
613 4275 719 4330 rtatim
751 4271 864 4328 reddat
895 4275 928 4328 in
960 4276 1024 4346 ipro
1055 4277 1116 4332 loco
1146 4285 1174 4332 et
