3020 5174
343 441 370 502 'r
396 460 405 501 1
430 459 461 506 r.
483 441 603 506 xxii.
646 442 818 528 §ca-co.
1151 449 1190 514 81

95 643 109 694 7
134 639 195 700 sol„
226 638 325 693 tertius
354 636 371 690 6
400 637 462 700 sol,
489 647 614 712 quartus
643 640 674 704 5,
701 639 820 714 quintus
840 637 869 701 l,
887 639 999 714 reliqua
1020 659 1087 718 pars
1106 645 1187 721 pedis

95 729 125 786 15
148 727 255 785 solidis.
295 726 386 802 quue
415 747 448 784 eo
477 729 629 803 probatum
650 739 701 793 est,
721 727 798 804 quod
818 747 923 785 manus
942 730 1065 789 abscissa
1086 732 1124 792 45
1143 754 1187 792 so·

91 818 150 875 lidie
176 817 342 880 mulctatur,
372 816 436 873 ride
463 836 553 893 supra
581 836 644 894 cap.
673 817 710 876 27
742 825 771 873 et
800 819 877 875 coni.
896 837 971 892 quae
991 811 1099 879 ibidem
1119 834 1187 882 sunt

91 908 227 965 adnotata.
278 905 310 963 ln
344 905 495 963 additione
526 906 595 984 Sap.
625 907 679 971 Ill,
713 907 1186 984 ldicitur,p1etiumidemerse

90 997 163 1074 pedis
187 1015 222 1053 ao
241 1015 357 1058 manus,
376 996 483 1051 mulcta
503 997 653 1070 utriusque
673 995 797 1053 membri
818 1014 881 1052 >rex
900 1005 958 1062 toto
977 999 1112 1055 abscissi''
1133 1019 1186 1058 au·

91 1097 152 1151 tem,
178 1085 377 1144 aestimatione
407 1085 478 1160 legis
508 1085 632 1142 Frisicae
663 1088 766 1143 ueteris
797 1087 934 1161 deposita,
953 1087 984 1143 in
1005 1087 1062 1166 534
1080 1090 1185 1150 solidos

90 1177 256 1239 deificatur,
274 1175 305 1231 id
325 1183 366 1230 est
386 1175 416 1231 in
437 1176 628 1250 weregeldum
649 1176 785 1232 Frisionis
805 1176 890 1232 liberi
913 1178 1077 1253 antiquum.
1118 1179 1186 1237 Plu-

90 1266 171 1323 rimae
201 1267 277 1340 leges
307 1264 380 1332 It'ris.
410 1259 581 1322 recentiores
611 1265 800 1328 constituunt,
820 1275 850 1321 ut
869 1285 918 1341 pes
938 1267 1078 1325 abscissus
1097 1287 1185 1326 were·

91 1355 165 1432 geldo
193 1354 315 1411 dimidio
343 1355 380 1410 sit
409 1356 605 1420 mulctandus,
634 1356 709 1415 conl.
740 1355 828 1414 l'rles.
848 1356 978 1433 lleclrtsq.
998 1379 1028 1435 p.
1052 1360 1116 1424 l77,
1137 1359 1185 1420 23.

90 1443 150 1510 222,
179 1443 226 1503 25.
258 1443 327 1510 331,
357 1442 406 1508 26,
431 1452 459 1501 et
488 1444 524 1500 dc
554 1445 615 1502 iure
645 1446 725 1522 pectis
746 1445 820 1501 locos
840 1445 933 1521 legum
954 1449 987 1503 in
1008 1447 1096 1507 Frics.
1115 1449 1185 1511 Wb.

90 1534 217 1612 allegatos
247 1534 303 1591 sub
335 1533 465 1591 vocibusa
486 1536 552 1606 fot,
578 1537 694 1599 thicon,
723 1536 957 1600 thiaclrslrnulcu,
987 1537 1051 1602 lanei,
1070 1539 1185 1602 unium,

92 1625 227 1690 lenislciue,
256 1625 401 1689 lenibollu,
430 1625 560 1689 skernlco,
571 1628 717 1698 schumet
744 1634 772 1681 et
792 1634 870 1683 tone.
910 1625 950 1682 lte
970 1627 1033 1684 lure
1052 1627 1132 1704 pedis
1153 1629 1184 1685 in

91 1713 147 1770 aliis
175 1715 346 1772 Germaniae
375 1714 541 1789 regionibus
568 1715 605 1771 cl'.
625 1715 646 1771 l.
667 1715 727 1772 Sal.
747 1713 842 1770 XXIX
861 1716 906 1771 ed.
925 1715 1054 1778 Merkel;
1075 1717 1099 1772 l.
1118 1717 1191 1793 Ilip.¹

91 1803 123 1865 I,
148 1805 183 1871 8,
211 1806 231 1863 l.
258 1803 349 1862 Thur.
371 1803 408 1868 ll,
428 1803 456 1861 5.
476 1805 511 1869 9,
532 1805 553 1860 l.
574 1804 641 1861 Sax.
663 1805 687 1863 1.
709 1804 752 1859 lu.
774 1803 829 1866 2ος
849 1805 869 1862 Ι.
892 1805 982 1863 llam.
1004 1805 1091 1871 LXV,
1114 1807 1184 1864 t-3

91 1905 115 1952 ct
130 1897 226 1954 Wilda
244 1914 274 1972 p.
297 1893 365 1951 769.

127 1985 155 2020 ⁹⁶
196 1985 289 2042 Locus
309 1984 444 2040 laudatus
464 1993 505 2040 est
524 1984 683 2061 capitulum
705 1985 751 2042 35.

18 2077 19 2080 ’
126 2075 154 2110 ⁹⁷
196 2073 231 2130 ln
260 2073 388 2148 capitulo
419 2072 456 2130 65
485 2075 671 2132 constitutum
700 2084 751 2138 est,
782 2085 813 2130 ut
843 2077 894 2148 quii
926 2076 1062 2132 »iratus’
1094 2076 1184 2151 (conf.

90 2173 141 2220 not.
168 2162 206 2221 59
235 2163 276 2220 ad
297 2162 390 2227 XXII,
411 2163 438 2238 l)
459 2163 577 2238 capillos
597 2165 745 2222 cuiusdam
767 2165 892 2220 hominis
912 2164 1184 2241 apprehenderit,2

89 2254 175 2310 solidis
206 2253 408 2322 mulctaretur.
462 2253 611 2309 anditione
642 2256 710 2330 Sap.
740 2255 796 2318 III,
827 2255 874 2312 39.
896 2255 934 2312 40
953 2257 1007 2313 hcc
1025 2256 1066 2312 ita
1084 2275 1183 2314 emen-

89 2343 178 2400 datum
208 2355 270 2400 esta
302 2347 330 2399 si
358 2346 427 2418 queis
455 2345 549 2399 alteri
578 2347 692 2400 crinem
722 2345 759 2400 de
790 2348 887 2417 capite
917 2347 1117 2408 abstraxerit,
1137 2355 1184 2402 ter

90 2432 105 2487 l
131 2434 234 2490 solidis
267 2441 442 2507 componam
472 2435 501 2489 si
531 2435 620 2489 illum
634 2453 693 2506 per
712 2436 836 2506 capillos
856 2435 1122 2506 comprehenderit,
1142 2437 1184 2490 ei-

18 2525 19 2528 ’
90 2527 196 2580 militer
225 2533 277 2580 ter
307 2521 324 2578 l
355 2523 394 2596 (i)
425 2523 534 2578 solidos
555 2533 718 2596 conponat.
760 2523 819 2586 Illo,
837 2533 869 2578 ut
889 2523 1024 2600 plurimis
1055 2524 1086 2580 iu
1107 2524 1186 2599 capi·

91 2613 151 2670 tulis
169 2614 243 2670 tituli
269 2611 313 2668 llI
334 2610 496 2668 Additionis
517 2612 597 2687 Sap,
619 2613 741 2669 mulctae
754 2612 823 2688 legis
836 2613 936 2668 veteris
946 2621 1012 2668 sunt
1024 2612 1184 2688 triplicatae

91 2713 228 2777 praeterea
269 2709 365 2758 autem
399 2701 498 2777 capilli
528 2701 618 2757 avulsi
649 2711 736 2776 atque
766 2702 936 2777 apprehensi
973 2703 1196 2772 discernuntur,

91 2802 167 2868 atque
197 2794 317 2867 utrique
349 2811 364 2842 »
377 2801 420 2847 ter
449 2791 467 2846 ll
495 2791 593 2846 solidis
612 2799 856 2866 componuntur’'.
907 2791 1062 2846 Goniiciam
1089 2799 1186 2848 autem

91 2901 233 2940 numerum
270 2879 298 2946 4,
326 2901 384 2957 qua
414 2881 520 2936 mulcta
544 2881 716 2955 capillorum
736 2880 1187 2956 apprehensurumexprimitur,

90 2970 144 3029 loco
172 2973 189 3030 2
219 2973 360 3048 scriptum
390 2991 460 3034 esse,
489 2991 547 3046 quo
578 2991 699 3027 numero
727 2971 773 3027 lex
804 2969 875 3026 Fris.
904 2969 998 3035 XXII,
1027 2969 1064 3027 65
1085 2971 1184 3028 utitur.

91 3059 170 3137 Leges
198 3063 324 3120 Frisicae
356 3060 527 3118 recentiores
556 3061 599 3116 ria
630 3079 664 3116 ac
684 3061 794 3117 ratione
814 3059 975 3118 additionis
994 3061 1063 3136 Sap.
1084 3061 1188 3118 distin-

91 3163 190 3226 guunt:
212 3157 360 3230 suasang
389 3152 422 3224 (i.
452 3169 476 3207 e.
511 3151 626 3207 »crinis
656 3155 774 3227 raptus”
807 3151 895 3206 llries.
928 3150 1059 3226 Ilcclrtsq.
1087 3170 1116 3226 p.
1137 3149 1188 3216 82,

95 3241 115 3298 Ι.
134 3245 175 3300 rel
196 3247 226 3300 bi
245 3243 305 3300 dere
325 3245 418 3298 haren
439 3250 566 3316 getugen
587 3239 676 3299 Fries.
701 3241 832 3316 Rechtsq.
852 3261 881 3316 p.
902 3239 940 3297 82
961 3250 1019 3298 not.
1040 3239 1083 3314 2),
1102 3240 1186 3297 aliter

91 3331 189 3390 dictum
221 3333 381 3392 her-braid
411 3332 444 3401 (i.
474 3351 488 3387 e
523 3331 611 3388 crinis
631 3331 845 3407 apprehensio),
865 3339 892 3385 ct
914 3329 1121 3386 laer-sleredenc
1141 3330 1184 3386 uel

92 3423 223 3480 lter-alecti
253 3422 297 3478 vel
327 3423 382 3477 lter
412 3425 449 3494 of
472 3421 591 3478 calteren
621 3423 717 3494 icstba
748 3420 861 3476 barrzid
881 3429 910 3473 tu
929 3421 1054 3474 tondere
1072 3419 1137 3475 and
1157 3428 1186 3475 to

92 3523 186 3584 spelte,
215 3513 306 3570 Fries.
331 3511 464 3586 Reclutsq.
486 3531 514 3586 p.
536 3507 603 3574 212,
622 3507 656 3572 t,
676 3510 741 3567 ride
762 3529 841 3565 voces
860 3506 983 3564 Frisicas
1001 3507 1133 3565 laudatas
1153 3509 1184 3564 in

91 3597 170 3661 tries.
191 3603 272 3666 Wb,
292 3612 319 3658 et
339 3601 374 3657 de
394 3601 457 3656 iure
477 3601 600 3656 aliarum
613 3599 762 3674 regionum
781 3597 1182 3656 Ge1·manicarum:l.Saxon.

92 3687 115 3753 I,
141 3691 174 3758 73
201 3693 223 3750 l.
255 3691 346 3749 Alam.
375 3689 434 3753 LX,
454 3690 503 3751 23,
524 3687 576 3753 24,
598 3687 651 3746 Ed.
672 3688 788 3744 Rotbar.
810 3685 884 3750 386,
904 3687 924 3744 l.
945 3685 1033 3764 Burg.
1053 3685 1091 3758 Y,
1110 3684 1140 3750 l,
1158 3696 1187 3744 et

91 3781 299 3840 autunum
329 3780 388 3837 Ru.
418 3801 447 3856 p.
480 3778 536 3836 632
567 3788 595 3834 ct
625 3777 723 3833 Witna
745 3797 773 3852 p.
796 3777 862 3833 777.
904 3777 943 3832 lle
963 3776 1071 3832 barbae
1092 3776 1184 3833 laesae

92 3871 197 3928 mulctis
216 3872 281 3928 vide
301 3871 320 3929 l.
342 3869 414 3927 Fris.
434 3868 527 3934 XXII,
551 3868 595 3926 17.

128 3959 156 3994 ⁹⁸
197 3959 331 4036 Capitula
361 3957 471 4016 66-70
490 3959 650 4034 loquuntur
672 3978 687 4008 u
699 3957 734 4012 de
754 3956 923 4012 uulneribus
943 3955 1101 4013 secuudum
1121 3955 1186 4012 lon-

91 4046 243 4121 gitudinem
271 4048 508 4125 componendis‘’,
535 4045 695 4122 capitulum
724 4044 761 4102 75
792 4054 889 4102 autem
908 4044 979 4101 dicit
997 4064 1055 4120 qua
1075 4047 1186 4104 ratione

93 4137 204 4196 vulnera
225 4139 391 4198 huiusmodi
409 4138 467 4194 sint
487 4135 641 4194 metienda.
680 4133 803 4192 Mulotae
824 4134 953 4210 singulae
975 4135 1127 4194 vulnerum
1145 4137 1186 4194 ita

92 4238 152 4285 suut
181 4229 334 4286 definitaea
386 4228 519 4284 »uulnus
549 4225 627 4302 quod
657 4222 867 4300 longitudinem
897 4224 1013 4289 habeat,
1042 4234 1184 4301 quantum

92 4315 163 4373 inter
182 4319 313 4394 pollicem
334 4327 362 4374 et
381 4316 542 4392 complicati
562 4313 667 4370 indicis
687 4312 843 4368 articulum
863 4330 1008 4387 spanunm
1028 4315 1179 4391 impleat’'=

1027 4408 1046 4470 b
