3028 5184
271 454 365 517 noo.
387 451 469 519 so.
513 451 542 514 r
565 469 577 513 1
599 467 629 516 r.
652 451 697 517 x.
741 453 880 540 §nm
902 470 916 516 1
938 471 969 518 r.
992 411 1057 524 xi,
1150 462 1211 526 ιιι

117 645 214 710 Tletes,
240 645 296 702 den
328 645 488 703 Entleiler
519 649 618 712 selbst,
638 666 670 704 so
690 649 797 704 lcoaate
816 668 849 705 er
869 653 968 709 niolts
988 671 1043 710 oon
1063 653 1130 713 dem
1150 655 1212 712 m·-

112 755 197 810 gener
207 735 350 812 sorclera,
370 737 441 791 well
459 755 493 792 er
511 737 576 792 st'clr
597 736 654 793 dea
676 737 813 794 Sotaden
834 741 996 814 cigentlielt
1022 745 1111 800 selbot
1129 745 1215 803 ludite

113 828 252 900 uergeltcn
282 827 411 882 meissen.
464 823 620 900 Quaeritur
649 836 756 893 antem,
786 835 884 884 utrum
914 829 959 886 ius
982 830 1125 890 Frisiorum
1145 852 1212 892 cnm

111 913 168 970 iura
193 913 410 989 Langobardico
439 931 502 991 cap.
525 913 590 973 332.
612 915 667 974 Ed.
688 915 772 974 Roth.
793 919 957 993 congruerit
977 937 1078 985 necne,
1097 922 1162 980 vide
1181 925 1212 981 in

110 1012 172 1058 nota
199 1001 246 1060 58.
266 1021 294 1078 p.
319 1002 373 1060 109
392 1003 438 1059 ius
458 1003 589 1081 pignoris
609 1004 880 1083 Langobardorum,
899 1007 977 1082 quod
1000 1009 1053 1066 hac
1071 1010 1103 1066 in
1123 1031 1155 1068 re
1173 1015 1212 1071 ab

110 1092 167 1148 inre
185 1091 347 1149 Frisionum
367 1091 476 1155 differt,
495 1111 588 1168 neque
608 1094 725 1151 titulum
747 1093 774 1150 X
794 1094 866 1152 edd.
886 1097 905 1154 l.
928 1096 1002 1155 Fris.
1024 1098 1061 1154 ad
1081 1101 1211 1158 eossolos

109 1189 263 1238 contractus
282 1182 418 1246 referam,
438 1182 599 1258 dequibus
619 1183 717 1240 Wilda
738 1185 825 1242 verba
845 1185 922 1243 facit.

146 1269 175 1304 ⁶⁷
217 1271 282 1328 Her.
302 1271 386 1328 illud
394 1289 408 1338 ,⁰
426 1290 482 1328 em.
503 1274 609 1329 illum.

145 1359 174 1392 ⁶⁸
217 1360 346 1416 Titulum
366 1357 420 1422 XI,
439 1361 471 1415 in
493 1359 561 1418 edit.
582 1360 650 1417 Her.
671 1361 844 1437 inscriptum
867 1362 1211 1433 Ecetranslcabccli,

107 1457 146 1506 et:
173 1449 217 1505 Ile
244 1451 353 1506 lectore
372 1452 565 1524 templorum,
584 1451 667 1506 cuius
687 1451 803 1507 initium
824 1461 865 1507 est
885 1457 938 1528 qui
949 1458 1065 1529 samem
1085 1459 1209 1534 effreqe-

107 1540 157 1601 rit,
187 1537 319 1594 additum
340 1538 435 1595 iudico
473 1539 509 1594 ad
531 1540 619 1595 verba
640 1541 717 1596 tituli
738 1539 764 1597 V
784 1540 853 1616 legis
872 1541 963 1599 Fris:
984 1547 1049 1601 siae
1068 1547 1208 1618 composi-

107 1629 177 1682 tione
198 1629 298 1684 occidi
315 1636 421 1700 potest,
441 1631 495 1702 qul
506 1631 622 1701 santam
644 1631 778 1706 effregit,
797 1648 890 1704 neque
912 1650 977 1688 tero
997 1633 1206 1709 puto,titulum

104 1715 268 1773 auctoritato
289 1718 363 1792 regis
383 1716 561 1774 Francorum
585 1717 639 1794 logi
660 1717 825 1774 Frisionum
846 1719 989 1777 adiectum
1010 1740 1077 1778 esse.
1119 1721 1207 1779 'l'esti-

104 1807 194 1861 monio
223 1806 420 1882 inscriptionis
449 1807 582 1864 laudatae
612 1807 654 1864 tit.
686 1805 727 1862 ΧΙ
748 1807 784 1864 de
803 1807 895 1864 Frisia
916 1810 1062 1873 orientali,
1081 1810 1206 1868 Franco-

104 1913 164 1949 rum
192 1913 285 1971 regno
316 1915 342 1952 a.
373 1895 429 1953 785
449 1897 587 1960 subiecta,
606 1896 756 1970 loquitur3
777 1897 852 1953 hanc
870 1900 908 1955 ob
928 1918 1043 1955 causam
1062 1899 1126 1956 fiori
1146 1919 1205 1956 non

103 1985 200 2058 potuit,
226 1993 264 2042 ut
293 1985 392 2042 titulus
420 1985 475 2060 legi
505 1985 639 2049 Frisicao,
657 2005 745 2060 quam
766 2005 783 2041 a
804 1988 919 2062 regibus
939 1988 1116 2045 Francorum
1137 2007 1205 2045 con-

103 2073 187 2130 ditam
213 2075 342 2132 vidimus
361 2076 392 2130 in
414 2075 591 2131 Praefatione
610 2096 639 2152 p.
661 2073 783 2139 XXVII,
801 2085 867 2133 ante
878 2096 989 2135 annum
1002 2077 1059 2135 785
1069 2078 1206 2134 adiicere-

102 2171 305 2239 tnr3egovero
322 2183 434 2227 censeo,
453 2164 481 2218 id
502 2173 564 2240 post
585 2182 695 2219 annum
708 2163 764 2220 802
784 2164 890 2222 factum
911 2186 980 2232 esse,
1001 2186 1059 2242 quo
1079 2175 1206 2244 tempore

101 2253 193 2311 titulos
213 2254 413 2310 antecedentes
432 2253 487 2328 legi
508 2253 593 2309 reteri
614 2253 725 2310 additos
745 2255 873 2330 exposui,
893 2255 955 2311 ride
974 2256 1067 2315 Praei.
1077 2276 1106 2333 p.
1116 2255 1204 2315 XLV.

102 2343 133 2400 In
161 2363 223 2420 cap.
258 2343 276 2398 2
303 2343 380 2400 tituli
411 2341 494 2401 XVII
527 2343 597 2418 legis
627 2342 701 2398 Fris.
722 2345 929 2420 praescriptum
950 2354 1002 2409 est,
1022 2354 1081 2402 »ut
1101 2348 1153 2421 qui
1173 2348 1205 2403 in

100 2435 223 2500 ecclesia,
253 2442 303 2489 aut
334 2433 364 2488 in
396 2432 468 2488 atrio
498 2431 630 2488 ecclesiae
662 2432 807 2488 hominem
840 2432 984 2498 occiderit,
1004 2437 1101 2492 novies
1120 2453 1207 2492 nere·

101 2524 204 2599 gildam
237 2524 301 2580 eius
329 2532 491 2599 componat,
509 2530 537 2578 et
558 2521 653 2578 novies
672 2521 787 2577 fredam
808 2523 844 2577 ad
864 2532 977 2598 partem
997 2523 1205 2590 dominicam”,

100 2619 125 2666 et
153 2611 184 2666 in
214 2610 377 2686 Capitular.
410 2630 437 2667 a.
456 2608 513 2666 785
534 2608 573 2683 (P)
595 2609 630 2664 de
650 2608 779 2683 partibus
800 2608 941 2666 saxoniae
962 2630 986 2668 c.
1010 2611 1042 2668 l:
1063 2621 1100 2670 ut
1119 2617 1206 2672 ecele-

100 2704 158 2757 siae
190 2701 325 2763 Oltre‘sti,
352 2720 428 2774 quae
457 2700 543 2756 morlo
574 2706 795 2754 construantur
814 2701 847 2754 in
868 2693 1009 2756 Saecula
1029 2710 1057 2757 ct
1076 2701 1138 2759 Beo
1157 2723 1207 2759 sa-

101 2799 199 2847 cratae
226 2797 312 2852 secat,
332 2807 388 2844 non
408 2791 554 2845 minorem
575 2788 703 2844 taceam
723 2788 925 2851 lecatorem,
944 2788 998 2845 secl
1015 2793 1160 2847 cautorem
1180 2802 1207 2849 ct

99 2881 346 2941 excellentiorem,
375 2897 467 2952 quam
487 2880 571 2952 fano
599 2877 772 2933 habuissent
797 2876 950 2933 idolomem
960 2895 974 2943 ,·
993 2897 1068 2953 quae
1088 2878 1206 2956 quidem

98 2968 170 3046 loges
199 2989 217 3026 a
250 2967 360 3024 Karolo
389 2967 493 3042 Magno
524 2966 609 3022 datae
635 2967 749 3022 obstant
768 2965 909 3042 opinioni,
928 2967 1024 3043 ipsum
1043 2968 1100 3045 legi
1119 2967 1207 3026 Frisi-

98 3077 184 3115 onum
205 3057 327 3115 titulum
348 3054 390 3112 xl
409 3055 555 3118 adiecisse,
572 3055 604 3110 in
624 3072 681 3129 quo
710 3063 841 3110 sanctum
861 3063 913 3118 est,
932 3063 976 3119 ut,
995 3058 1047 3130 qui
1066 3058 1206 3134 templum

98 3166 243 3224 paganum
277 3145 432 3222 effregerit,
463 3144 658 3200 »immoletur
687 3143 753 3207 diis,
782 3163 906 3219 quorum
928 3145 1035 3221 templa
1057 3145 1215 3205 violam&

98 3236 159 3294 Non
189 3246 232 3294 est
267 3235 402 3300 dubium,
430 3233 504 3311 quin
533 3232 646 3290 saeculo
677 3241 775 3290 octavo
805 3234 837 3288 in
856 3233 950 3290 Frisia
969 3235 1114 3301 orientali,
1133 3237 1210 3294 inter

98 3323 243 3383 Wisaram
274 3334 301 3380 et
330 3323 477 3380 Laubachi
506 3324 570 3386 sita,
603 3321 709 3396 templa
728 3339 843 3397 pagana
862 3322 982 3387 fuerint,
1001 3343 1034 3380 ac
1056 3325 1208 3383 verisimile

97 3425 146 3478 est,
173 3417 241 3473 iure
274 3413 438 3469 Frisionum
459 3429 638 3489 paganorum
661 3411 851 3466 vetustissimo
879 3411 1010 3468 homines
1029 3414 1080 3488 qui
1101 3415 1207 3490 templ-a

97 3503 215 3561 deorum
248 3503 438 3566 violaverunt,
468 3521 501 3558 ea
530 3519 623 3577 poena
654 3498 805 3555 mulctatos
836 3518 906 3563 esse,
938 3501 1020 3558 cuius
1047 3502 1148 3559 titulus
1166 3503 1207 3562 ΙΙ

96 3593 275 3650 mentionem
306 3592 394 3654 facite
415 3609 578 3666 numquam
599 3608 667 3646 tero
688 3588 801 3644 credam
823 3587 963 3645 Karalum
984 3589 1134 3664 Magnum,
1154 3592 1208 3648 im·

96 3692 264 3758 peratorem
293 3680 494 3743 christianum,
523 3697 600 3735 anno
625 3677 683 3736 802
703 3677 882 3733 frisionibus
902 3675 1098 3743 orientalibus,
1119 3697 1207 3755 regno

96 3769 277 3829 Ilranconico
309 3770 378 3826 indo
405 3771 444 3826 ab
474 3787 552 3825 anno
572 3767 630 3826 785
650 3767 794 3831 subiectis,
814 3786 939 3841 quorum
959 3785 1047 3844 pagos
1067 3768 1206 3844 episcopis

95 3860 318 3918 Monasteriensi
346 3868 375 3916 et
402 3857 549 3915 Bremensi
579 3857 760 3920 attribuerat,
789 3855 881 3932 legam
900 3855 1009 3922 tulisse,
1037 3875 1111 3932 quac
1141 3877 1207 3916 rer-

97 3949 166 4008 bum
197 3951 238 4008 ad
271 3951 391 4007 verbnm
421 3948 568 4005 enuntiat:
601 3949 780 4005 immolatur
803 3947 876 4010 dlis,
902 3949 956 4021 qui
974 3965 1075 4004 corum
1096 3951 1206 4023 ternplo

95 4041 235 4098 violavit.
288 4037 339 4094 His
368 4037 450 4094 dictis
480 4037 560 4093 omni
590 4037 675 4093 modo
706 4043 774 4091 sunt
793 4037 937 4092 contraria
957 4036 1083 4112 capitula
1101 4037 1121 4094 8
1140 4037 1206 4094 aa

94 4127 129 4186 de
160 4127 298 4206 partibus
325 4126 467 4184 Saxoniaa
499 4144 576 4182 anno
608 4123 664 4181 785
685 4124 725 4197 (Ρ)
746 4123 914 4180 constitutae
935 4127 964 4180 st'
982 4128 1051 4200 quie
1071 4127 1206 4201 deinceps

95 4221 127 4276 la
144 4227 238 4298 gente
259 4217 416 4274 Senonum
436 4220 582 4274 intereos
603 4217 697 4272 latens
717 4233 774 4270 non
795 4215 968 4288 baptizatus
990 4234 1020 4272 ee
1030 4217 1206 4272 abscondere

94 4309 242 4372 voluterit,
263 4315 290 4364 ct
310 4305 355 4363 nol
371 4308 556 4381 baptismum
577 4307 678 4362 venire
698 4305 916 4376 contempserit,
928 4322 1127 4380 pagensesque
1130 4323 1203 4378 per·

1044 4393 1061 4426 *t
