3098 5176
230 3636 268 3953 Q

230 4006 474 4162 Q.-

352 4193 382 4239 m
417 4189 460 4240 De
478 4201 554 4252 po
513 4193 554 4237 t
571 4187 613 4236 vel
630 4187 687 4237 sinn
705 4186 853 4252 Maenadiep
872 4187 969 4238 dictum
987 4195 1025 4240 est
1043 4205 1122 4255 supra
1139 4206 1168 4256 p.
1185 4191 1212 4241 X

317 399 380 444 XIV
725 398 796 444 Lux
817 395 1021 445 Falslonum.

317 624 379 666 non
411 602 562 685 lonpiore,
583 601 692 686 fertur
722 603 755 664 in
786 603 886 666 unum
914 601 1034 680 oceani,
1061 601 1111 664 eui
1134 600 1173 663 ab
1197 621 1284 664 amne
1307 621 1422 663 nomen

317 709 356 772 de
388 702 615 784 Βαιιιιιιι-ιιι,
646 705 762 772 Menan
793 703 911 792 Alting
942 705 1066 770 Notitia
1090 703 1284 770 Germaniae
1306 702 1422 768 inferi·

316 813 380 876 oris
411 809 457 875 ΙΙ.
487 834 519 896 p.
553 812 629 876 110.
683 810 804 876 Fusius
836 809 1019 897 disputatur
1043 810 1082 874 de
1105 809 1237 875 flumine
1260 809 1423 874 Lauwers

316 914 348 978 in
373 913 415 980 A.
440 911 608 1002 Stratingh
634 914 765 980 Aloude
790 913 882 981 Staat
905 913 932 980 Ι.
956 939 987 1002 p.
1013 917 1090 982 287.

363 1124 401 1213 d)
425 1122 583 1188 Wisar
598 1147 633 1188 a:

364 1225 787 1314 1111ege10'ris.1.3-5.
825 1230 855 1294 8.
896 1229 949 1293 10.
975 1230 1028 1293 12.
1054 1231 1107 1292 21.
1139 1227 1213 1306 IX,
1251 1228 1304 1293 13.
1334 1227 1425 1308 XV,

319 1336 349 1401 ³.
374 1331 463 1399 Add.
486 1332 563 1412 III,
590 1333 643 1399 58.
669 1335 723 1400 68.
750 1335 811 1399 73:
840 1337 918 1400 inter
941 1329 1105 1398 Lautam
1129 1346 1157 1400 et
1186 1335 1348 1398 Wiaaram.

364 1437 405 1501 In
440 1437 543 1502 Fries.
578 1437 673 1503 Kure
712 1439 754 1504 10
791 1438 891 1526 (circa
927 1461 1045 1504 annum
1080 1440 1170 1505 1200
1202 1437 1354 1528 scripta):
1387 1441 1425 1504 in

317 1545 463 1609 orientem
497 1545 541 1607 ad
583 1545 732 1610 Wiaeram
766 1555 794 1608 et
829 1545 863 1609 in
897 1547 1080 1610 occidentem
1114 1565 1208 1628 mque
1239 1542 1310 1620 Pii,-
1344 1541 1424 1608 vide

317 1671 415 1733 supra
438 1671 469 1735 p.
493 1647 527 1713 V

363 1751 403 1816 In
436 1751 565 1841 diplom.
597 1776 679 1818 anno
715 1753 823 1818 1415:
856 1755 977 1820 imolen
1008 1755 1064 1819 der
1095 1750 1241 1821 Lauwera
1265 1756 1339 1819 aude
1364 1755 1424 1818 cler

325 1860 465 1935 Wezere,
499 1857 788 1946 Schwartzenberg
818 1858 847 1922 I.
879 1882 910 1945 p.
941 1859 1078 1936 389312.
1105 1859 1212 1924 1421:
1238 1881 1329 1925 onem
1353 1860 1425 1922 lan·

319 1966 378 2028 den
417 1988 476 2029 van
521 1965 738 2030 Oeatvrieelant
775 1975 864 2030 totter
901 1958 1083 2044 Luuwenze,
1124 1987 1185 2028 van
1223 1967 1299 2034 daia·
1333 1975 1423 2029 notter

325 2069 541 2146 Oesmeemse,
566 2071 640 2134 ende
662 2074 744 2133 voirt
766 2082 854 2134 totter
886 2069 986 2148 Yade,
1011 2071 1087 2134 ende
1110 2081 1197 2135 tottam
1227 2071 1329 2135 Weaer
1357 2080 1421 2146 toa,
1535 2139 1536 2148 ¹

320 2169 427 2238 Schw.
458 2172 486 2237 Ι.
511 2197 542 2260 p.
567 2175 653 2251 424;
678 2197 706 2238 a.
737 2175 845 2238 1421:
869 2175 929 2240 ulle
952 2177 989 2240 de
1011 2176 1120 2267 lande,
1144 2175 1274 2261 eplunde
1297 2197 1332 2240 en
1357 2197 1423 2238 om·
1535 2187 1536 2198 ¹

319 2278 411 2343 lande
435 2292 564 2344 emerent
587 2279 609 2344 't
628 2281 761 2366 qemeina
792 2281 945 2346 Vn'ealam
966 2281 1089 2366 pelepen
1113 2282 1232 2346 manian
1256 2282 1292 2345 da
1322 2281 1424 2345 Wener

269 2450 272 2455 .
318 2405 355 2450 en
377 2383 398 2449 't
420 2385 614 2470 Maenadiep‚
639 2385 836 2450 Brenneisen
860 2383 889 2451 I.
912 2385 953 2451 P.
977 2388 1009 2450 2.
1032 2410 1063 2472 p.
1089 2386 1133 2450 33
1158 2384 1214 2471 (ex
1237 2384 1360 2472 orig.).;
1393 2406 1423 2462 a,

320 2490 429 2553 1422:
460 2513 506 2576 my
541 2514 582 2554 an
614 2489 729 2575 heyden
760 2493 856 2577 zyden
888 2493 930 2559 in,
945 2493 1002 2556 deu
1025 2491 1137 2556 landen
1162 2491 1425 2577 hymenaeum

319 2596 352 2660 ha·
375 2606 473 2659 oenteu
496 2597 551 2660 der
574 2588 716 2660 Lamenta
739 2607 816 2661 teter
847 2591 971 2674 Wezm,
994 2595 1141 2682 Rengers
1170 2595 1315 2660 Werken
1340 2594 1367 2659 Ι.
1391 2617 1424 2680 p.

321 2698 386 2763 125
413 2699 469 2786 (ex
493 2699 598 2787 orig.).
1535 2763 1536 2794 p

365 2801 569 2870 Conferenda
605 2815 679 2870 sunt
716 2805 780 2871 duo
816 2803 990 2892 diplomata
1025 2806 1100 2871 anni
1138 2807 1245 2883 1422,
1282 2827 1423 2890 quorum

318 2919 394 2974 sunt
425 2910 504 2974 haec
538 2911 655 2977 verba:
691 2913 743 2976 dea
772 2934 912 2996 pamenen
952 2907 1146 2977 Vrieelundee
1177 2935 1238 2975 van
1275 2913 1332 2975 der
1358 2911 1426 2974 Zu-

318 3015 426 3079 derzea
461 3027 490 3079 to
525 3016 580 3080 der
627 3010 763 3092 Wezere,
800 3014 946 3102 Rengers
981 3015 1128 3082 Werken
1164 3015 1192 3080 I.
1216 3038 1248 3100 p.
1275 3015 1341 3078 134
1366 3013 1426 3102 (ex

318 3119 434 3206 orig.),
465 3128 498 3184 et
528 3122 562 3183 in
592 3119 673 3184 allen
704 3119 818 3184 landen
849 3123 923 3186 ande
953 3123 1054 3186 staden
1077 3121 1198 3186 maedan
1222 3122 1279 3186 der
1303 3121 1424 3186 Zuder-

317 3246 366 3289 aee
390 3225 464 3288 ende
489 3226 546 3288 der
578 3219 717 3302 Wezme,
742 3222 818 3287 ibid.
842 3247 872 3310 p.
901 3227 977 3290 131.

365 3326 452 3395 Vide
488 3329 583 3393 etiam
618 3328 651 3393 in
676 3328 858 3415 diplomate
890 3332 964 3395 anni
991 3332 1078 3396 1421
1105 3332 1221 3399 verba:
1245 3333 1266 3396 't
1286 3334 1424 3418 qemeina
1535 3327 1536 3330 ¹

326 3431 478 3500 Vnieelant
512 3434 634 3521 pelopen
675 3435 796 3500 taxeam
837 3437 874 3500 da
916 3431 1019 3502 Weaen
1054 3461 1089 3502 en
1123 3436 1144 3502 't
1180 3439 1352 3522 Memsdiep
1374 3441 1422 3515 ¹6,

318 3540 518 3606 Brenneisen
541 3538 569 3604 I.
592 3538 631 3603 P.
658 3541 688 3604 2.
711 3562 743 3625 p.
769 3539 895 3626 33¹(ex
918 3541 1024 3629 orig.).

364 3645 674 3711 Fluminibus
715 3643 930 3726 Sinkfal,
972 3645 1069 3727 Fli,
1094 3645 1343 3713 Laubechi
1379 3657 1423 3711 et

318 3749 525 3828 wisara,
570 3772 709 3834 quorum
745 3751 842 3816 situm
881 3752 914 3815 in
949 3751 1137 3818 antecedent
1138 3753 1211 3819 ibus
1245 3752 1423 3832 illustravi,

317 3864 383 3920 tres
415 3853 538 3919 Frisiue
571 3864 678 3950 partes
712 3865 804 3919 erant
836 3855 953 3921 finitae.
1002 3856 1167 3923 Fris'ia
1202 3856 1423 3924 occiden·
1535 3875 1536 3944 ζ

318 3959 451 4038 talis,
488 3960 573 4024 inter
605 3944 730 4025 Sinkial
765 3970 797 4025 et
821 3959 875 4026 Fli
898 3962 975 4042 sita,
1007 3963 1189 4029 continebat
1212 3963 1303 4029 littus
1326 3963 1423 4029 maris
