3028 5184
322 429 383 494 116
643 424 737 490 Anu.
759 421 840 489 Ser.
882 421 1000 488 tro.
1021 420 1086 490 XI.

322 641 442 682 umam
471 622 611 685 uoluerit,
639 626 733 676 morte
761 620 918 676 moriatur
924 637 938 686 ,·
957 626 985 674 et
1004 621 1033 676 si
1053 620 1123 694 qais
1140 619 1286 676 tonitrum
1303 620 1409 678 deodato

322 713 555 787 sacrificaverit,
583 719 612 767 et
642 713 675 766 iu
703 711 832 766 amttam
861 727 942 765 more
954 727 1149 784 papauerum
1168 708 1353 767 doemonibus
1369 713 1408 768 cd·

322 803 440 865 tulerit,
469 808 563 858 morte
593 802 757 856 moriatur.
795 796 875 855 Mon.
896 796 928 856 G.
949 796 1006 854 LL.
1028 796 1053 854 Ι.
1072 817 1103 873 p.
1125 797 1172 855 49.
1211 796 1307 857 Verba
1324 808 1408 856 autem

321 889 399 947 tituli
419 888 461 946 XI
480 889 552 964 legis
572 886 643 946 Fris.
663 888 705 943 ita
724 895 792 943 sunt
810 885 900 962 plana
918 904 952 942 ac
971 885 1111 950 dilucida.
1129 895 1161 943 ut
1179 904 1278 943 omues
1296 887 1408 946 uirorum

321 979 471 1036 doctorum
491 976 750 1053 interpretationes.
769 975 876 1052 quibus
894 973 1133 1050 significationem
1153 994 1254 1032 eorum
1276 977 1408 1053 propriam

319 1076 478 1133 removent,
509 1065 595 1122 nimis
622 1064 741 1122 callidas
768 1064 881 1128 dicamt
908 1063 984 1120 conf.
1013 1082 1102 1139 quam
1125 1063 1275 1121 verboram
1293 1066 1409 1124 laudato·

319 1175 386 1213 rum
415 1155 681 1230 interpretationem
713 1152 861 1230 proposuit
888 1151 1010 1208 Wiarda
1038 1152 1070 1209 in
1099 1153 1269 1229 Asegabuch
1288 1175 1317 1232 p.
1336 1155 1409 1214 xit:

319 1244 378 1302 Jtte
408 1245 509 1301 beiden
540 1242 695 1316 Sapientes
714 1242 836 1316 sundere
855 1242 901 1298 oei
920 1243 1009 1298 ihren
1028 1240 1323 1319 Ncchforaalsangen
1342 1247 1410 1303 aucit

196 1356 199 1364 ·
319 1331 651 1406 Recttsgewotneetten
671 1351 735 1394 vor,
754 1332 805 1388 die
824 1334 888 1404 uass
900 1331 958 1386 clas
976 1338 1039 1387 erat
1056 1333 1204 1406 unldnpst
1226 1334 1411 1410 ausgelrcbene

321 1421 524 1479 Beideuthnm
554 1421 659 1496 Beaug
688 1423 801 1478 hatten.
843 1419 893 1476 lta
913 1422 985 1476 aber
1004 1421 1085 1476 dieas
1103 1422 1181 1477 nacla
1202 1424 1410 1497 eingesitlrrtem

323 1509 550 1570 Ulmetenthum
581 1511 664 1566 Isaiae
694 1509 901 1584 descendunq
931 1511 1015 1566 uaekr
1027 1510 1160 1584 funden,
1185 1529 1218 1567 eo
1229 1514 1360 1585 fdkrten
1375 1515 1411 1569 sie

320 1619 382 1657 mur
411 1602 475 1656 eine
503 1618 556 1664 aa.
584 1599 651 1656 rand
678 1607 786 1655 setaten
817 1599 929 1655 binare:
961 1600 1061 1655 »duee
1089 1600 1268 1665 haetenac’'‚
1286 1601 1341 1657 dus
1358 1603 1410 1657 iat·¹

321 1691 483 1746 uuaehrere
512 1691 617 1746 wellen
648 1690 711 1744 wir
741 1689 825 1744 nicht
845 1689 1032 1761 anfiilrren''.
1072 1686 1108 1743 Et
1129 1687 1193 1744 vida
1212 1689 1412 1764 interpretatio·

320 1797 387 1834 nem
418 1778 471 1834 viri
491 1777 565 1834 doct.
586 1776 708 1853 Phillips
727 1777 759 1832 in
781 1775 920 1832 lleutsche
940 1775 1105 1833 Geschichte
1129 1774 1212 1834 1834.
1233 1777 1274 1836 ll.
1296 1797 1324 1854 p.
1344 1777 1411 1835 283:

320 1865 367 1924 Es
396 1884 467 1941 mag
498 1869 565 1922 hier
594 1869 641 1922 eiu
671 1868 736 1940 ures
752 1867 903 1939 poetiscr'te
936 1864 1036 1922 Weiss
1072 1867 1316 1941 auspedriiekter
1343 1870 1412 1925 alter

320 1954 601 2030 liechtsgrundeata
620 1957 653 2010 ia
673 1955 729 2011 der
750 1953 995 2029 Voraussetaunp
1016 1954 1082 2010 read
1101 1953 1236 2012 Absiclrt
1255 1959 1304 2012 ins
1321 1957 1412 2014 Late-

319 2046 421 2101 mische
450 2045 632 2120 iibertrapmc
661 2046 736 2108 sein,
766 2062 818 2099 um
844 2043 895 2098 die
914 2041 1094 2117 Elsrfemom
1112 2043 1179 2099 aad
1196 2045 1309 2120 heilige
1328 2045 1412 2104 Scluat

322 2150 376 2190 cor
405 2131 461 2189 der
490 2129 699 2207 Entwer'hunq
729 2131 785 2187 der
814 2131 1006 2188 tetdaisoten
1039 2130 1161 2205 Tempel
1189 2136 1269 2192 artois
1299 2137 1359 2207 aras
1370 2135 1412 2190 die

324 2221 519 2277 chmatliclreu
548 2218 684 2276 Kircheu
715 2239 751 2277 au
780 2221 974 2294 ittertragen.
1022 2219 1068 2277 Me
1097 2218 1246 2279 iudicante
1265 2223 1362 2280 titulus
1379 2221 1412 2280 Xl
1482 2229 1489 2289 ,¹

323 2326 384 2364 non
413 2316 453 2364 est
483 2308 610 2366 formula
629 2308 745 2365 dicendi
764 2308 885 2385 poetica.
903 2307 953 2364 sed
972 2327 1065 2384 poena
1083 2327 1197 2384 pagana
1216 2312 1413 2376 crudelissima,

324 2416 399 2472 quae
427 2405 525 2474 aperte
554 2397 623 2454 dicit
654 2397 725 2474 quid
746 2395 801 2454 sibi
823 2397 906 2461 relit3
926 2407 954 2454 et
974 2400 1049 2454 hanc
1068 2399 1105 2453 ob
1125 2416 1187 2454 rem
1206 2418 1261 2475 pro
1280 2409 1353 2458 certo
1370 2419 1412 2457 uc·

323 2486 454 2563 gaudum
474 2496 527 2554 est,
545 2487 686 2545 Marcium
706 2485 745 2545 M.
768 2487 884 2544 titulum
904 2485 946 2543 XI
966 2486 1100 2563 capitulis
1120 2487 1179 2543 illis
1198 2489 1353 2556 adiddisse.
1370 2490 1413 2568 qui
1487 2515 1488 2533 r

321 2575 527 2653 promulgavit.
555 2586 588 2633 ut
618 2576 665 2632 lex
694 2575 860 2633 Frisiorum
880 2584 961 2632 retus
981 2575 1194 2634 emendaretur.
1237 2577 1315 2654 Quae
1333 2598 1413 2655 quum

321 2665 363 2721 its
389 2663 460 2728 siut.
487 2665 547 2722 siro
578 2665 660 2721 docto
678 2664 815 2722 Matthiae
834 2684 891 2722 ron
912 2663 1009 2723 Wicht
1028 2665 1179 2730 assentior,
1197 2668 1252 2742 qni
1272 2669 1304 2725 iu
1323 2669 1414 2727 »Vor-

320 2753 432 2811 bericht
461 2773 498 2811 su
525 2754 591 2811 dem
624 2753 750 2812 (lstfries.
781 2754 913 2811 Landr.”
951 2752 1034 2811 1746.
1063 2774 1093 2830 p.
1115 2754 1163 2819 65.
1181 2766 1291 2822 censet,
1308 2757 1413 2814 titulum
1484 2794 1488 2819 2

322 2842 364 2900 XI
393 2862 452 2900 non
481 2843 582 2901 Karoli
612 2843 652 2902 M.
683 2844 851 2901 auctoritate
882 2843 1032 2918 scriptum,
1052 2841 1102 2898 sed
1123 2852 1252 2921 tempore
1271 2847 1414 2904 recentiora

1484 2576 1488 2617 l

318 2934 378 3011 legi
406 2932 478 2992 ttris.
508 2933 640 2991 additum
669 2953 748 2999 esser
775 2942 901 2991 attamen
921 2933 1093 2990 sententiam
1111 2953 1206 2992 meam
1226 2937 1255 2992 ei
1275 2936 1414 3010 investiga·
1485 2940 1488 2951 ¹

322 3022 393 3081 toris
411 3023 590 3098 antiquitatis
609 3022 733 3080 Frisicae
764 3021 977 3098 diligentissimi
996 3040 1056 3079 uon
1075 3021 1218 3088 adscribo.
1241 3044 1316 3101 quae
1334 3023 1413 3100 expli·
1485 3034 1489 3100 't

324 3121 388 3169 cata
417 3121 459 3169 est
488 3112 599 3168 verbisa
630 3113 687 3169 der
716 3131 748 3169 sc
786 3112 945 3170 heidaisele
975 3113 1153 3169 occaedendo
1182 3114 1317 3172 Artilrel
1343 3115 1413 3172 laun

325 3203 476 3260 metretam
502 3203 652 3258 aacddero
679 3221 734 3260 oca
762 3205 854 3260 ciuem
872 3201 1037 3260 Meditabar
1056 3203 1112 3260 der
1131 3204 1350 3264 Alterthc‘imer
1366 3223 1413 3262 aaa

326 3293 434 3348 blosser
456 3287 628 3346 Oariositdt
648 3291 926 3367 diazaqeaoltrieben
946 3293 1018 3350 seia.
1057 3291 1199 3368 Equidem
1221 3295 1341 3352 eoniioio
1358 3292 1412 3351 Fri·

324 3381 434 3438 sionem
464 3378 609 3454 quendam
637 3387 761 3436 veterem
791 3378 901 3436 ultimis
931 3379 1024 3437 verbis
1043 3378 1114 3456 legis
1134 3380 1259 3440 Frisicae
1277 3385 1310 3441 in
1328 3383 1412 3441 codice

1485 3318 1490 3471 l

325 3469 520 3544 manuscripto
551 3487 615 3533 suc.
636 3469 681 3526 ius
701 3468 866 3526 Frisiorum
886 3468 1072 3526 orientalium
1093 3469 1157 3528 »de
1175 3472 1286 3530 honore
1305 3471 1411 3548 templo·
1488 3499 1489 3552 j

325 3563 426 3624 rum”‚
454 3557 566 3635 legibus
594 3558 696 3616 Karoli
723 3556 762 3616 M.
783 3567 811 3616 et
829 3557 964 3616 ecclesiae
982 3558 1154 3616 christianae
1171 3560 1353 3640 abrogatum,
1368 3559 1412 3618 ad·
1485 3566 1490 3600 i

325 3649 489 3727 scripsisse.
518 3666 608 3725 aeque
637 3667 671 3706 ac
701 3649 853 3725 permultis
881 3648 915 3704 im
944 3648 1090 3706 codicibus
1119 3653 1323 3729 manuscriptis
1349 3649 1411 3707 iuris
1488 3679 1489 3702 2

326 3739 426 3796 Frisici
456 3737 622 3794 recentioris
641 3737 855 3795 constitutiones
874 3737 1050 3813 antiquiores
1068 3738 1227 3816 adscriptae
1246 3740 1291 3800 rel
1310 3740 1342 3798 iu
1359 3749 1412 3797 tex·

326 3838 388 3886 tum
419 3834 548 3902 receptae
576 3835 654 3892 sunt.
672 3845 744 3901 quas
762 3827 837 3902 leges
857 3827 1026 3884 recentiores
1045 3828 1229 3886 sustulerant.
1268 3829 1341 3886 Maec
1358 3845 1413 3885 mea
1485 3832 1488 3861 ²

327 3915 489 3974 coniectura
526 3914 646 3971 fortasse
675 3915 864 3972 confirmatur
898 3914 1022 3972 dictione
1051 3915 1128 3973 tituli
1158 3917 1242 3993 quasi
1270 3915 1412 3977 historicas

327 4023 417 4080 quam
447 4004 675 4061 animadvertere
703 4001 789 4062 velim
817 4003 849 4060 in
879 4002 990 4062 verbius
1020 4005 1148 4063 dualiter
1165 4007 1211 4063 ad
1229 4025 1323 4072 mure.
1340 4015 1367 4064 et
1383 4006 1412 4060 ia

327 4094 441 4157 miralo.
463 4094 545 4168 qaod
562 4112 694 4152 accesws
711 4097 810 4152 amr-ie
825 4096 942 4168 operire
960 4097 1041 4159 sold.
1049 4095 1225 4168 findantur
1240 4115 1332 4154 aceres
1348 4096 1413 4154 eius.

325 4194 355 4243 et
381 4190 551 4248 castrator.
570 4189 597 4240 et
626 4185 804 4242 immolatur⁸
833 4184 907 4248 dtis.
936 4202 1064 4258 quemnam
1084 4187 1194 4260 teupulo
1213 4187 1359 4250 violarim
1375 4181 1411 4237 lo-

321 4274 440 4350 gislatcr
469 4271 547 4328 onim
578 4271 752 4348 scripsisseta
781 4274 953 4332 immoletur
972 4273 1055 4340 diis,
1073 4281 1137 4339 etc..
1155 4283 1183 4332 et
1202 4273 1248 4334 rix
1267 4270 1410 4333 addidmt
1484 4293 1488 4310 ·
