3098 5176
514 451 585 504 LEX
604 443 809 504 FmSIONUM.
1103 444 1219 500 xxm

7 695 18 732 l
112 650 298 722 Frisiorum
329 655 432 724 husius
464 681 642 748 exponam,
671 657 734 725 hoo
756 680 835 726 vero
859 680 1015 726 summam
1042 657 1083 724 de
1106 655 1218 724 eadem

9 801 20 814 .
113 761 274 828 adnotem.

7 941 13 946 ,
163 863 285 934 Omnes
317 869 398 957 legis
428 869 614 937 Frisionum
645 879 755 957 partes
782 868 920 936 denariis
943 870 998 937 vel
1020 857 1220 936 tremissibus

7 1016 21 1055 :
112 984 269 1054 utuntur,
305 997 444 1061 quorum
483 986 548 1043 tres
587 998 647 1063 pro
687 975 790 1042 solido
815 974 1030 1052 ¹Francorum
1065 984 1219 1064 argenteo

7 1125 21 1162 ,3
112 1078 239 1158 valent,
275 1079 320 1146 ita
354 1091 393 1148 ut
427 1081 579 1148 denarius
613 1083 758 1150 Frisious
788 1091 928 1170 quatuor
952 1079 1090 1148 denariis
1113 1078 1219 1146 Fran·

7 1234 12 1269 3
113 1203 225 1251 eorum
261 1197 468 1272 exaequetur.
515 1187 557 1253 In
591 1187 697 1254 Frisia
729 1185 834 1253 media
865 1197 1010 1275 tempore
1041 1182 1122 1274 legis
1145 1177 1220 1252 Fri·

11 1317 15 1367 s,
113 1288 239 1355 siouum
275 1290 399 1358 denarii
435 1292 512 1358 dicti
548 1294 582 1357 in
616 1315 680 1359 usu
714 1293 876 1359 communi
911 1293 1030 1360 versati
1066 1300 1158 1372 sunt,
1185 1291 1219 1356 in

112 1391 220 1461 Frisia
259 1395 447 1464 occidentali
486 1409 594 1464 autem
633 1398 704 1464 looo
740 1421 852 1465 eorum
891 1397 1014 1464 denarii
1049 1395 1219 1476 valebant,

7 1549 22 1592 :a
114 1521 252 1585 quorum
288 1494 348 1581 ii,
384 1515 417 1568 et
451 1502 484 1568 iu
506 1495 620 1570 'Frisia
654 1503 819 1584 orientali,
855 1525 995 1590 quorum
1031 1500 1216 1568 inolidum

8 1660 17 1676 ..
113 1602 315 1674 Francorum
338 1607 520 1692 aequabant
527 1633 537 1686 ;
562 1619 701 1674 attamen
725 1609 759 1674 in
781 1609 854 1700 lege
878 1608 1064 1675 Frisionum
1079 1607 1219 1674 mulotae

7 1747 21 1808 ,p
114 1704 169 1776 vel
204 1713 466 1799 compositiones,
502 1713 544 1780 ad
578 1712 637 1780 has
671 1715 821 1802 regiones
851 1712 975 1780 Frisiao
1002 1713 1219 1800 pertinentes,

112 1814 148 1880 in
183 1815 322 1882 denariis
358 1818 456 1884 huius
492 1819 621 1907 generis
655 1841 720 1884 non
756 1831 832 1884 sunt
859 1840 1038 1905 expressae.
1085 1817 1221 1884 Denarii

113 1919 192 1986 dicti
226 1921 373 2007 plurimis
406 1923 440 1987 in
477 1924 555 1989 loeis
593 1923 673 2012 legis
713 1922 898 1990 Frisionum
922 1921 1074 1989 dicuntur
1098 1923 1225 1989 denarii

8 2067 18 2106 ,4
113 2026 168 2091 vel
202 2029 371 2106 nanisaea,
407 2028 497 2094 nulla
532 2050 611 2094 voce
647 2027 773 2108 addita,
810 2051 876 2117 qna
900 2027 1219 2118 distinguerentura
1248 2071 1253 2082 ·

113 2131 253 2197 denariis
276 2130 477 2199 Francorum
484 2157 493 2211 ;
520 2135 553 2198 in
577 2133 671 2200 titulo
695 2134 767 2201 XV
790 2134 870 2222 legis
893 2133 1096 2212 Frisionum,
1122 2153 1219 2218 quem

7 2299 18 2338 ,ᾗ
111 2238 198 2323 parti
221 2235 406 2304 Frisiorum
430 2236 608 2318 secundae,
632 2261 715 2304 anno
741 2239 808 2305 785
835 2249 1017 2326 oonoeptae,
1044 2238 1220 2326 adsignem,

112 2339 237 2407 denarii
259 2339 357 2407 iidem
380 2345 534 2409 nominati
557 2354 634 2410 sunt
656 2345 782 2410 denarii
803 2356 932 2423 aanor,
957 2345 978 2409 i.
1002 2366 1029 2408 e.
1053 2366 1094 2409 ex
1120 2343 1217 2431 longo

112 2457 257 2532 tempore
288 2447 322 2511 in
353 2446 460 2513 Frisia
491 2448 619 2528 usitati,
652 2450 709 2534 qui
741 2471 806 2514 non
830 2457 907 2513 sunt
929 2447 1053 2514 denarii
1075 2446 1219 2513 Franco·
1256 2498 1257 2502 ,

7 2545 15 2626 f
112 2551 177 2616 uici
184 2575 194 2629 3
229 2551 262 2616 in
298 2552 447 2638 capitulis
482 2554 645 2620 nonnullis
680 2553 840 2640 denique,
875 2574 959 2639 quae
994 2552 1108 2618 tertiae
1132 2551 1217 2639 parti

112 2656 194 2744 legis
225 2655 368 2723 Frisioae
403 2659 596 2739 attribuam,
631 2659 755 2726 denarii
791 2659 945 2725 diountur
968 2659 1093 2724 danorii
1115 2657 1220 2724 nlai-

111 2763 211 2842 onioi,
242 2760 330 2827 Add.
362 2762 439 2844 III,
470 2766 532 2843 44,
557 2777 590 2829 et
614 2766 738 2830 denarii
759 2787 856 2830 novae
878 2777 1033 2841 monetae,
1058 2763 1111 2828 lex
1134 2761 1219 2828 Fris.

7 2865 10 2946 J
110 2866 148 2946 I,
187 2868 229 2933 10
261 2865 334 2933 add.
365 2867 427 2956 leg.
458 2868 543 2934 Fris.
566 2867 653 2934 Add.
678 2867 755 2948 ΙΙΙ,
781 2869 842 2949 78,
866 2868 919 2933 vel
943 2869 1068 2933 denarii
1095 2869 1140 2931 ad
1162 2889 1218 2931 ao·

7 2971 10 3072 *¹
111 2995 184 3038 vam
206 2985 378 3052 monetam,
402 2972 491 3039 Add.
515 2973 590 3054 III,
616 2977 634 3039 7
639 2975 676 3052 3,
701 2974 756 3040 vel
779 2975 902 3042 denarii
923 2975 1010 3052 novi,
1034 2970 1123 3038 Add.
1151 2969 1218 3051 ΙΠ,

7 3081 9 3174 ζ
115 3079 184 3154 733
225 3077 341 3164 quibus
381 3077 489 3145 verbis
528 3079 753 3166 exprimuntur
795 3077 918 3144 denarii
955 3077 1072 3144 Frisioi
1111 3077 1219 3143 denuo

7 3185 9 3189 ’
111 3182 248 3270 signati,
280 3185 338 3270 qui
369 3195 478 3250 autem
509 3185 651 3252 eiusdem
682 3185 800 3251 valoris
835 3193 928 3250 erant
959 3181 1096 3248 denariis
1129 3192 1220 3248 vete-

110 3287 203 3354 ribus
226 3289 312 3353 tituli
334 3289 423 3368 XV,
448 3291 502 3356 vel
525 3293 663 3375 donariis
687 3291 824 3356 aliorum
847 3289 1017 3355 titulorum
1040 3288 1131 3377 legis.

159 3391 201 3457 In
223 3393 297 3482 lege
319 3393 506 3461 Frisionum
531 3395 753 3482 antiquissima
776 3393 835 3482 (=
859 3392 894 3484 I)
917 3392 1136 3482 weregeldum
1153 3391 1219 3458 vho·

110 3499 205 3564 minis
240 3498 334 3564 liberi
368 3501 402 3565 in
434 3497 499 3593 53}
534 3501 651 3566 solidos
683 3500 742 3588 (=
774 3500 840 3565 160
876 3498 1024 3565 denarios
1062 3497 1219 3586 Frisioos)

111 3604 323 3670 constitutum
355 3615 411 3671 est.
459 3605 513 3670 Ex
546 3627 610 3691 quo
640 3602 772 3690 quidem
796 3625 931 3669 numero
954 3600 1137 3688 weregelda
1159 3603 1219 3667 ho·

109 3709 207 3775 minis
244 3710 360 3776 nobilis
397 3711 449 3775 vel
485 3711 535 3777 liti
565 3711 610 3775 ita
640 3709 778 3776 formata
808 3717 900 3787 sunt,
924 3717 962 3780 ut
984 3707 1080 3772 homo
1104 3705 1218 3772 nobilis

113 3836 218 3880 unum
250 3825 282 3880 et
314 3814 481 3882 dimidium
511 3816 649 3882 liberum
673 3824 845 3902 aequaret,
867 3825 966 3902 atque
990 3809 1094 3880 eidem
1116 3835 1220 3879 were·

113 3921 248 4008 galdum
294 3915 334 3996 1}
357 3946 386 4000 ><
411 3921 476 4008 534
506 3921 680 3988 solidorum
710 3953 754 3988 =
779 3922 823 3988 80
857 3918 1033 3986 solidorum
1065 3918 1124 4006 (=
1147 3919 1216 3984 240

113 4026 318 4093 denariorum
347 4026 561 4116 Frisioorum)
592 4027 771 4093 solveretur
778 4051 787 4105 ς
816 4026 894 4092 litus
917 4034 1025 4091 autem
1049 4023 1217 4090 dimidium

107 4131 249 4198 liberum
294 4143 466 4218 aequaret,
517 4134 612 4220 eique
651 4131 872 4222 weregeldum
916 4129 1083 4196 dimidium
1122 4129 1216 4195 liberi

112 4237 311 4318 solveretur,
342 4241 364 4305 i.
395 4262 423 4306 o.
457 4235 479 4318 ,ἑ
517 4246 545 4303 Χ
586 4236 650 4316 53}
685 4236 779 4304 solidi
814 4255 858 4293 =
886 4229 951 4310 26}
974 4235 1067 4304 solidi
1090 4235 1150 4326 (ε
1173 4233 1219 4329 80
