3098 5176
256 501 260 509 ,
350 445 416 492 xrv
757 443 828 490 unx
848 439 1054 494 samonum.

353 667 462 712 amnes
486 643 582 711 hodie
604 643 682 710 dicti
705 645 805 727 Elem,
828 645 908 712 Issel
931 658 965 712 et
989 645 1130 726 Vechtc‚
1155 647 1208 714 vel
1231 649 1308 736 pagi
1332 651 1460 738 antiqui

351 751 512 831 Fletheti,
535 744 675 831 Feluve,
702 752 895 833 Hamaland,
918 751 1028 840 Islego
1052 761 1085 817 et
1107 749 1254 832 stiland,
1279 775 1458 846 numquam

351 857 476 923 Frisiae
508 867 616 945 partes
647 868 756 938 erant,
788 879 894 944 neque
925 859 1049 925 incolae
1081 879 1239 947 pagorum
1276 879 1357 944 quos
1388 862 1459 927 dixi
1520 877 1521 954 J

352 964 425 1051 lege
461 958 646 1028 Frisionum
670 963 721 1027 usi
757 973 841 1028 sunt.
888 963 964 1029 Non
1000 987 1051 1030 me
1086 964 1172 1052 fugit
1207 963 1288 1029 illud
1324 965 1460 1033 Folkeri
1520 961 1521 1002 ³

354 1067 495 1155 diploma
526 1068 601 1132 anni
634 1067 720 1146 855,
752 1089 793 1133 ex
817 1069 956 1156 topiario
981 1067 1188 1134 Werdincnsi
1211 1069 1299 1156 typis
1322 1070 1460 1157 impres·

354 1195 426 1238 sum
456 1161 492 1236 in¹
521 1172 672 1237 Martene
704 1183 736 1236 et
766 1171 904 1238 Durand
937 1171 1133 1240 Collectione
1156 1174 1349 1261 amplissima
1372 1175 1404 1242 Ι.
1428 1199 1460 1263 p.

358 1280 442 1358 140,
465 1279 500 1342 in
523 1277 719 1364 Kindlinger
741 1275 970 1344 Mttnstersche
995 1279 1146 1366 Beitrage
1169 1277 1217 1358 ΙΙ,
1240 1277 1460 1346 Urkundenb.

354 1408 386 1472 p.
414 1385 477 1461 19,
509 1393 542 1448 et
572 1384 606 1448 in
637 1382 825 1449 Lacomblet
847 1383 1057 1450 Rheinisches
1079 1383 1349 1450 Urknndcnbuch
1373 1384 1404 1450 1.
1428 1407 1459 1471 p.

357 1493 402 1557 30
423 1493 471 1568 ¹⁸,
503 1487 592 1576 quod
623 1491 800 1555 sexcenties
831 1491 894 1556 viri
926 1489 1012 1556 docti
1043 1511 1081 1556 eo
1113 1490 1243 1555 oonsilio
1268 1488 1357 1554 ducti
1381 1489 1460 1554 alle·

354 1605 524 1685 gavernnt,
548 1605 587 1659 ut
611 1591 865 1661 demonstrarent
888 1595 991 1682 legem
1015 1593 1198 1660 Frisionum
1223 1595 1255 1660 in
1272 1595 1460 1682 regionibns

353 1702 417 1767 illis
440 1699 642 1766 observatam
670 1698 777 1764 fuisse.
825 1699 948 1765 Textns
972 1709 1081 1765 antem
1105 1699 1286 1786 diplomatis
1310 1697 1460 1764 Folkeri·

353 1807 406 1872 ani
430 1805 520 1870 nobis
544 1804 699 1883 traditus,
735 1804 909 1869 certissime
933 1827 973 1870 ex
998 1804 1125 1870 duobus
1148 1803 1346 1869 documentis
1371 1825 1459 1869 com-

354 1912 494 2000 positus.
518 1918 584 1988 est,
633 1918 665 1974 et
706 1905 799 1986 dicit,
842 1909 931 1993 qnod
970 1931 1009 1975 ex
1049 1910 1121 1996 ipsa
1160 1909 1233 1996 lege
1273 1907 1459 1973 Frisionnm

354 2025 555 2102 compertum
587 2013 760 2094 habemns,
794 2012 958 2079 Frisiones
988 2014 1157 2080 orientales
1189 2023 1222 2080 et
1245 2014 1460 2079 occidentales

357 2171 378 2204 ‚,
403 2121 567 2187 secundom
602 2141 666 2184 ewa
700 2119 887 2185 Freaomum”
916 2120 1000 2185 bona
1023 2143 1082 2184 sna
1105 2118 1272 2185 tradidisse
1292 2121 1333 2181 ¹⁹.

403 2225 493 2291 Viris
525 2222 644 2303 doctis,
674 2224 732 2309 qui
763 2234 959 2309 putaverunt
990 2225 1187 2311 temporibus
1211 2224 1458 2309 antiquissimis,

355 2335 463 2421 legem
494 2327 690 2418 Angliorum
722 2341 754 2395 et
778 2327 1007 2412 Werinorum‚
1039 2333 1101 2397 hoc
1125 2343 1173 2397 est
1197 2330 1459 2418 Thuringorum‚

356 2440 390 2506 in
421 2436 526 2503 Frisia
558 2437 643 2501 circa
666 2457 723 2500 ora
746 2435 860 2502 Mosae
884 2435 1041 2526 viguisse,
1073 2436 1229 2502 hocloco
1253 2435 1333 2500 nihil
1357 2457 1460 2523 oppo-

394 2659 425 2703 18
460 2652 572 2701 Teutam
600 2649 749 2713 diplomatis
774 2665 849 2714 quem
874 2651 1070 2716 publicaverunt
1095 2652 1213 2703 Mastane
1240 2657 1266 2700 ct
1288 2646 1457 2719 Kindlinger,

355 2739 473 2798 repetant
496 2731 613 2781 Mirsens
636 2729 688 2780 III·
712 2746 738 2794 p.
764 2734 828 2794 5613
855 2731 974 2782 Bondam
999 2732 1022 2782 Ι.
1039 2748 1064 2798 p.
1082 2740 1127 2796 3³3
1154 2733 1280 2784 Binterirn
1307 2746 1333 2789 at
1350 2739 1459 2789 Mona-en

354 2813 423 2864 Cod.
441 2811 504 2876 dipl.
521 2810 543 2860 I.
560 2827 587 2875 p.
606 2811 652 2872 87,
670 2811 774 2873 aliique.

393 2898 423 2943 19
457 2892 547 2942 Verba
574 2891 638 2955 dipl.
665 2905 688 2939 a.
714 2894 762 2938 855
789 2899 863 2941 sunt:
887 2892 962 2957 „Ego
988 2892 1131 2943 Folckerus
1149 2897 1277 2957 quasdam
1293 2899 1459 2964 proprietatis

349 2989 430 3025 meae
447 2985 488 3022 res
504 2971 531 3021 in
548 2969 800 3036 pagc‘Hamulande
817 2971 843 3020 in
867 2973 992 3022 comitatu
1009 2971 1069 3036 W.,
1093 2988 1141 3023 nec
1158 2989 1210 3025 non
1228 2983 1253 3026 et
1270 2979 1296 3027 in
1314 2977 1417 3029 Batava
1434 2979 1459 3027 in

350 3054 483 3106 comitata
507 3050 551 3113 Α,
575 3064 664 3100 coram
689 3051 796 3100 testibus
821 3053 962 3102 secundum
987 3054 1074 3118 legem
1100 3055 1252 3119 Ripnariam
1278 3064 1304 3107 et
1330 3057 1459 3111 Salicem,

356 3150 400 3184 mec
418 3149 466 3182 noo
484 3129 614 3181 secundom
631 3145 683 3178 ewa
699 3127 847 3189 dissonum,
865 3131 892 3180 in
909 3133 1093 3196 proprietatem
1114 3137 1264 3186 monasterii
1282 3137 1459 3190 Werdinensis

350 3214 468 3274 tradidi,
485 3219 511 3261 et
528 3211 670 3261 secundnm
686 3210 832 3274 praedictas
849 3212 920 3276 leges
943 3214 1079 3264 vestituras
1097 3214 1156 3266 foci.
1187 3217 1262 3266 Haec
1279 3231 1338 3268 sunt
1354 3221 1459 3270 nomina

355 3297 475 3348 locorum
492 3290 625 3356 praefatae
641 3288 807 3340 hereditatis:
832 3292 860 3340 in
876 3306 946 3357 pago
963 3293 1086 3357 Felva..,
1113 3295 1140 3344 in
1157 3310 1226 3360 pago
1245 3297 1417 3362 Flethatti..,
1433 3301 1458 3347 in

356 3375 444 3424 insula
468 3373 603 3420 Batus...
635 3367 698 3418 Item
724 3370 939 3420 commentariolum
965 3371 994 3422 do
1011 3373 1142 3424 hereditate
1159 3373 1276 3441 Folkcm',
1301 3395 1372 3442 quom
1390 3380 1460 3429 habet

348 3452 498 3506 collisio.-
517 3455 543 3499 im
556 3465 624 3515 popo
642 3447 747 3500 Kinkem
765 3449 795 3514 (i.
813 3464 836 3500 a.
853 3451 1070 3516 Kennemerland‚
1088 3461 1156 3503 tarra
1172 3454 1454 3524 Nordhollandiac)..,

346 3539 383 3588 ..a
397 3551 464 3602 pago
488 3530 627 3584 wemmam
643 3531 681 3591 (in
698 3531 784 3580 nasia
800 3531 868 3582 rma
884 3531 927 3582 nn
945 3533 1253 3602 santumnium)...
1277 3538 1303 3588 m
1317 3555 1385 3604 pays
1401 3537 1459 3588 m.-
1520 3519 1521 3582 1

353 3616 434 3670 mrerlm'
459 3613 499 3681 (in
525 3611 611 3661 Frisia
636 3611 702 3660 intsr
727 3610 863 3662 Laabachi
889 3619 915 3662 et
932 3611 1064 3664 Wisaram
1081 3613 1147 3682 sito)
1161 3650 1184 3667 ..
1217 3615 1291 3668 Haec
1308 3618 1391 3684 igitur
1410 3627 1458 3668 tm·

352 3700 419 3749 ditio
445 3695 516 3745 facta
538 3698 577 3742 est
601 3705 688 3742 coram
706 3693 814 3742 testibus
838 3692 865 3741 in
882 3707 952 3756 pago
969 3692 1094 3744 Flethetti
1111 3695 1138 3745 in
1154 3697 1219 3746 villa
1237 3697 1373 3761 Hlara..,
1390 3698 1457 3748 etin

347 3791 424 3844 ,pago
448 3775 535 3822 Batus
551 3773 578 3822 in
594 3772 659 3821 villa
676 3771 792 3836 Hlegilo.
825 3771 900 3822 Haec
917 3779 976 3823 snat
992 3775 1097 3825 nomina
1113 3778 1235 3840 testium,
1261 3779 1304 3842 qui
1321 3779 1390 3829 hanc
1407 3785 1458 3828 tra·

293 3903 295 3907 ,
354 3858 478 3907 ditionem
504 3852 646 3903 secundnm
673 3853 759 3916 legem
783 3852 970 3916 Ripnariornm
995 3853 1051 3904 fieri
1076 3856 1221 3908 viderunt.”
1255 3858 1345 3909 Verba
1372 3865 1457 3910 textus

355 3950 423 4001 qnae
449 3937 508 3985 aunt
532 3931 702 3995 interpolata,
729 3931 797 3996 typis
815 3933 922 3982 cursivis
940 3934 1111 3985 exscribenda
1128 3938 1231 4000 curari3
1257 3952 1340 4002 eaque
1356 3944 1458 4004 sumpta

357 4028 450 4068 censeo
476 4027 511 4062 ex
537 4011 590 4061 alio
618 4013 732 4074 quodam
750 4012 907 4076 diplomata,
933 4027 987 4076 qno
1003 4014 1132 4066 Folkarus
1150 4019 1277 4069 coenobio
1295 4017 1457 4074 Werdinensi

355 4099 426 4149 bona
450 4094 478 4142 in
503 4091 590 4143 Frisia
616 4091 729 4141 donavit.
765 4090 817 4152 Qui
842 4092 980 4158 diplomati
996 4095 1134 4160 adscripsit
1150 4096 1457 4149 donationembonornm

357 4174 532 4231 misicorum,
558 4172 677 4222 inscruit:
704 4171 758 4222 dom
775 4163 991 4225 commentariolum
1008 4181 1069 4236 etc„
1092 4181 1119 4227 at
1137 4177 1237 4229 addidit
1252 4179 1333 4228 verba
1351 4193 1394 4228 nec
1411 4194 1456 4228 aon

344 4255 487 4309 weomadum
504 4269 555 4303 awo
572 4249 715 4301 diaconam.
825 4247 827 4254 ’
