3098 5176
322 423 346 468 X
763 417 835 464 bsx
855 413 1061 464 Fmslonuu.

372 619 413 686 In
448 618 576 708 diplom.
608 643 635 684 9.
666 620 756 686 1314
780 619 966 687 Willolmus
989 640 1095 685 eomes
1119 617 1317 699 Hainoniae,
1342 619 1429 686 Hol-

278 741 280 746 '
325 725 451 792 landiae
475 736 534 791 919.
559 724 592 788 in
615 722 749 790 feudum
773 725 829 792 det
852 723 944 791 119111
967 746 1026 788 sno
1050 725 1113 789 Ian
1136 749 1197 790 van
1215 727 1430 812 Henoepouwe

327 833 485 898 99991991
511 831 616 909 Terret,
641 832 704 897 also
727 855 774 916 99
797 831 817 896 't
840 831 950 896 191199
973 830 1269 915 1199991911999199
1293 833 1430 907 (191919,

328 941 403 1004 oncle
425 938 623 1022 Maersdiepe
648 939 723 1002 ende
746 937 805 1001 den
835 936 920 1014 Vtte,
943 933 1058 999 Mieris
1081 933 1128 999 II.
1151 957 1182 1021 p.
1215 937 1291 1000 144.
1322 935 1368 1000 Et
1399 957 1429 998 a.

329 1044 437 1108 1314:
469 1042 583 1108 Iollam
614 1042 650 1106 de
681 1041 845 1126 Hoynnau
858 1041 986 1126 foisooe
1008 1041 1127 1124 9999919
1152 1039 1172 1103 ὰ
1195 1053 1278 1121 tous,
1301 1063 1373 1124 que.

326 1171 403 1216 9999
434 1158 497 1212 ont
526 1147 665 1212 detinet
696 1157 724 1210 et
754 1147 898 1210 9119911911
927 1145 956 1210 19
987 1156 1066 1209 terre
1091 1147 1130 1210 cle
1156 1145 1255 1210 Temel
1278 1168 1315 1212 en
1337 1142 1431 1210 Frobe
1535 1113 1536 1172 l

334 1254 498 1339 pisant
529 1262 612 1317 omre
643 1249 815 1315 Damotzie
846 1261 874 1315 et
905 1249 1100 1334 Moertdiept
1130 1249 1207 1315 9119
1238 1249 1329 1336 Vlye,
1352 1247 1431 1316 ibid.

325 1381 358 1444 p.
385 1356 459 1421 147.

374 1460 555 1548 Scriptores
586 1458 805 1524 Romanorum
835 1457 1034 1546 Pomponius
1056 1457 1147 1524 Mela
1170 1468 1203 1524 91
1226 1458 1353 1524 Plinius
1377 1481 1432 1525 re-

327 1567 437 1634 ferunt
471 1565 622 1632 Rhenum
658 1563 746 1629 haud
780 1564 892 1651 procul
928 1586 947 1629 a
978 1563 1059 1629 mari
1083 1563 1241 1651 dispergi,
1274 1577 1362 1648 atque
1386 1569 1433 1630 ad

329 1675 467 1739 deotram
497 1673 563 1735 iam
594 1693 656 1735 noo
685 1692 823 1748 999199,
847 1672 900 1734 sed
923 1672 1071 1756 19999199.
1094 1669 1212 1748 mmm,
1235 1664 1326 1736 Flevo
1350 1668 1433 1747 dioi;

329 1789 362 1842 et
395 1776 593 1863 Pomponius
625 1772 716 1839 Mela
746 1772 813 1838 III.
845 1797 872 1838 9.
905 1775 925 1838 2
959 1777 973 1858 1
1007 1775 1051 1838 70
1082 1773 1188 1839 addit:
1219 1776 1275 1839 911
1298 1777 1434 1841 eiusdem

329 1884 460 1948 nominis
497 1880 631 1945 imolam
672 1880 850 1964 ampleeus,
874 1881 917 1966 stt
955 1880 1065 1944 iterum
1100 1879 1228 1958 arctior,
1264 1882 1434 1967 iterumque

329 1989 440 2063 1199199
472 1985 624 2051 emittitur.
672 1981 726 2048 Ex
757 1983 948 2048 auctoritate
971 1984 1134 2068 scriptoris
1158 1984 1328 2070 utriusque
1351 1996 1434 2050 tem·

329 2115 410 2180 pore
444 2090 663 2155 Romanorum
697 2086 804 2152 Rheni
840 2109 914 2174 pars
945 2088 1201 2174 septentrionalis
1235 2089 1368 2176 defluxit
1399 2092 1435 2156 in

330 2197 452 2272 lacum,
490 2216 600 2280 quem,
638 2215 742 2279 aeque
773 2203 870 2277 atque
900 2192 1036 2257 insulam
1068 2193 1229 2279 quandam
1252 2195 1286 2259 in
1320 2195 1434 2260 eodem

332 2304 442 2379 sitam,
478 2299 581 2364 Flevo
614 2298 665 2363 vel
696 2297 836 2362 Flevum
866 2297 1114 2364 nominaverunt
1120 2323 1130 2378 ς
1158 2323 1199 2366 ex
1221 2299 1294 2365 laon
1325 2311 1434 2366 autem

332 2409 389 2474 illo
413 2405 532 2470 fluvius
556 2403 694 2469 Flevum
718 2404 835 2469 iterum
859 2403 978 2470 arctior
1000 2402 1105 2469 iactus
1120 2405 1153 2469 in
1169 2428 1322 2472 oceanum
1340 2407 1435 2472 emis·

333 2535 387 2578 sus
419 2521 477 2576 est.
523 2507 650 2588 Lacus,
674 2531 770 2594 quem
798 2509 969 2596 scriptores
993 2508 1040 2573 illi
1064 2508 1174 2575 dieunt
1196 2509 1334 2578 Flevum
1359 2521 1435 2578 ete
1537 2571 1538 2574 ,

334 2629 477 2703 temporo
507 2615 653 2680 Romano
684 2614 802 2679 fluetus
837 2612 931 2680 valde
961 2625 1186 2696 mutaverunt,
1218 2616 1322 2682 medio
1354 2641 1435 2684 aevo

333 2723 516 2790 nominatur
546 2717 580 2784 A
593 2720 604 2785 l
617 2742 739 2786 mere
759 2724 798 2798 ¹2,
831 2718 985 2786 hodierno
1017 2731 1162 2808 temporo
1186 2744 1301 2789 nomen
1336 2723 1397 2788 Zu
1410 2724 1437 2790 i·

235 2861 237 2866 *
335 2830 416 2896 der
432 2850 558 2905 -199,
589 2824 623 2891 id
655 2835 703 2890 est
725 2847 815 2891 mare
838 2827 1032 2891 austriacum
1055 2826 1167 2906 habet,
1193 2826 1280 2913 qnod
1296 2829 1437 2916 primum
1538 2807 1539 2858 l

336 2935 415 3002 mihi
446 2933 586 2998 occurrit
616 2932 649 2996 in
675 2931 806 3019 diplom.
829 2954 902 2997 ann.
928 2935 1017 2997 1272
1042 2944 1076 2998 91
1101 2935 1252 3000 127613.
1298 2933 1437 3000 Fluvius

336 3062 416 3106 vero
451 3039 524 3118 ille,
556 3037 613 3123 qui
644 3060 685 3101 ex
715 3036 790 3102 laon
821 3036 877 3101 illo
907 3038 941 3102 in
973 3060 1127 3103 ooeanum
1158 3041 1438 3126 septentrionalem

338 3143 463 3222 influit,
495 3142 582 3209 omni
611 3152 755 3228 tempore
785 3163 901 3206 nomen
933 3143 1102 3229 antiquum
1133 3142 1271 3209 Flevum
1303 3144 1355 3211 vel
1383 3146 1439 3212 Fli

338 3249 487 3328 retinuit,
511 3269 617 3333 neque
641 3246 758 3310 ostium
781 3266 876 3311 suum
899 3249 1052 3326 mutavit3
1075 3249 1137 3314 nisi
1160 3251 1243 3315 enim
1268 3253 1372 3318 omnia
1387 3275 1438 3317 me

338 3355 478 3432 fallunt,
500 3361 589 3418 reete
622 3351 783 3430 iudicant,
814 3351 870 3436 qui
894 3362 1040 3432 censent,
1071 3351 1166 3419 Flevi
1197 3355 1313 3421 ostium
1339 3356 1439 3422 fuisse

341 3469 445 3528 991919
476 3457 639 3537 Romana,
671 3456 728 3522 ubi
759 3456 854 3522 etiam
886 3455 980 3522 hodie
1012 3468 1077 3538 est,
1108 3460 1192 3525 inter
1213 3460 1334 3526 insulas
1357 3447 1441 3529 Ter-

339 3565 497 3653 sohelling
520 3573 554 3630 91
576 3560 730 3630 Vlieland
750 3566 789 3625 14.
837 3561 997 3649 Tempore
1020 3565 1118 3630 medii
1140 3565 1221 3645 aevi,
1245 3589 1310 3653 quo
1334 3567 1440 3633 insula

378 3751 408 3795 12
443 3743 486 3793 De
511 3742 620 3792 11111919
643 3741 740 3790 confer.
767 3740 832 3789 Vite
855 3739 884 3790 S.
909 3741 1040 3790 Bonifatii
1057 3754 1080 3790 o.
1097 3747 1140 3791 84.
1157 3747 1189 3792 88
1207 3743 1233 3793 in
1250 3743 1323 3794 Mon.
1341 3743 1376 3796 G.
1391 3742 1440 3795 SS.

341 3826 378 3876 ΙΙ.
394 3841 421 3890 p.
438 3828 495 3872 849.
512 3826 577 3883 351;
597 3821 700 3870 dooom.
716 3833 770 3883 reg.
788 3818 891 3871 01191111
909 3834 933 3869 a.
949 3825 1010 3872 948.
1026 3825 1075 3870 953
1094 3837 1135 3886 op.
1152 3822 1229 3874 Heds
1245 3839 1271 3888 p.
1289 3830 1330 3874 84.
1356 3827 1397 3886 87,
1414 3832 1440 3875 91

300 3931 302 3934 -
341 3904 430 3968 regist.
446 3907 498 3952 vet.
514 3901 606 3951 bonor.
621 3898 759 3950 Ultraieot.
775 3900 815 3950 ed.
831 3899 908 3950 Hedo
925 3916 951 3965 p.
968 3904 1009 3951 66.

380 3988 410 4032 18
444 3981 476 4030 In
494 3980 601 4045 diplom.
620 3993 644 4029 9.
665 3981 728 4029 1271
746 3987 771 4029 91
792 3981 855 4030 1176
872 3979 1010 4043 quninus
1026 3988 1052 4031 91
1068 3981 1181 4045 Magnus
1197 3997 1272 4047 reges
1288 3971 1399 4034 Sneoiae
1415 3990 1440 4034 91

345 4061 500 4124 Norwegise
525 4065 728 4110 commemorant
752 4058 782 4107 de
808 4059 891 4109 staden
917 4075 951 4110 an
975 4060 1020 4110 der
1044 4057 1177 4124 89191199,
1202 4061 1243 4112 alo
1269 4059 1441 4129 (lamponem.

343 4142 469 4192 1)11991911
484 4153 545 4204 pag.
563 4143 621 4188 648.
639 4143 687 4188 552
706 4136 753 4200 (ex
771 4140 858 4203 orig).

379 4226 411 4272 14
444 4219 520 4271 conf.
546 4219 635 4269 Aoker
661 4216 795 4281 Stratingh
820 4219 928 4269 Alonde
945 4218 1027 4271 Stant.
1044 4221 1065 4270 I.
1083 4237 1109 4285 p.
1128 4225 1184 4272 272.
1219 4223 1294 4284 Qnse
1313 4224 1360 4274 viri
1378 4222 1440 4274 doe·
