3098 5176
508 409 581 456 Lux
601 407 809 459 summm.
1113 409 1205 460 XXIII

103 662 125 694 ‚‚
150 622 217 695 rat,
243 613 378 700 expulso
403 610 477 679 inde
500 612 671 680 Rathbedo
694 613 790 702 rege’‘
807 617 847 678 33.
896 611 972 679 Vox
996 634 1112 698 nuper,
1142 637 1208 702 qua

101 719 196 786 Beda
219 721 323 784 utitur
346 718 379 784 in
402 718 535 784 historia
558 741 667 784 rerum
691 742 775 784 anno
801 717 869 782 690
897 728 1079 804 gestarum,
1102 720 1209 786 innuit

103 847 225 890 annum
259 825 344 903 689,
376 846 441 908 quo
468 822 615 910 Pippinis
639 821 833 888 Radbodum
857 821 1043 889 Durestadii
1068 825 1209 907 vicerat,

102 939 142 994 ut
174 952 214 994 ex
245 929 466 994 continuatore
497 927 687 1016 Fredegarii
719 928 880 994 adnotavi.
933 925 1039 994 illisio
1071 932 1209 998 citeriore

104 1045 213 1099 autem
248 1034 420 1122 significari
455 1032 593 1099 Frisiam
628 1029 875 1112 occidentalem,
906 1055 1003 1117 quam
1031 1034 1083 1100 lex
1106 1035 1208 1101 Frisi-

104 1164 204 1206 onum
239 1140 317 1204 dicit
348 1142 390 1204 cis
421 1133 491 1219 Fb',
523 1162 628 1224 neque
661 1139 744 1204 solos
776 1160 877 1226 pagos
900 1137 1044 1204 eiusdem
1067 1140 1100 1205 in
1124 1142 1209 1206 occi-

105 1246 227 1313 dentali
249 1258 341 1333 parts
363 1244 471 1311 Rheni
495 1246 584 1324 sitos,
606 1244 730 1332 probat,
756 1255 788 1310 et
811 1245 971 1331 Pippinus
991 1245 1047 1310 illo
1064 1255 1209 1333 tempore

105 1351 374 1431 Willibrordum,
406 1350 525 1415 auxilio
558 1346 664 1436 Sergii
692 1374 813 1438 papae,
838 1350 1112 1437 archiepiscopum
1136 1351 1211 1418 Fri-

106 1459 232 1524 sionum
255 1454 419 1534 faciendo,
443 1466 475 1520 et
500 1452 533 1520 S.
558 1454 775 1535 Adalbertus,
799 1457 903 1520 socius
928 1453 963 1521 S.
987 1455 1211 1536 willibrordi,

105 1563 302 1630 domicilium
349 1583 444 1626 suum
489 1561 713 1629 constituendo
755 1560 951 1647 Fgmundae
990 1561 1023 1626 in
1046 1560 1212 1628 Nordhol-
1303 1616 1307 1624 .

24 1661 28 1668 ’
105 1666 215 1734 landis
232 1672 273 1730 33.

155 1773 211 1838 Ab
247 1794 330 1837 anno
367 1772 452 1850 689,
488 1793 553 1856 quo
588 1770 694 1836 Frisia
730 1769 912 1837 Oisflsvana
941 1771 1117 1837 aFranois
1141 1783 1211 1837 erat

108 1889 310 1966 expugnata,
341 1900 446 1963 usque
477 1876 519 1942 ad
545 1899 664 1941 annum
690 1877 775 1956 714,
799 1876 917 1942 Franci
941 1887 973 1942 et
996 1876 1094 1942 Frisii
1117 1876 1211 1945 liberi
1253 1865 1273 1903 ”
1424 1886 1448 1907 ·“

108 1987 143 2051 in
178 2006 258 2071 pace
294 1983 445 2048 vixerunt
463 1987 510 2060 ³⁴3
549 1982 612 2047 hoc
642 2004 720 2048 vero
745 2004 827 2047 anno
851 1980 1046 2062 Radbodus,
1070 1982 1211 2069 Pippino
1267 1968 1304 2009 '¹
1445 2005 1486 2052 r·

109 2101 237 2157 mortuo
270 2111 308 2154 ac
338 2089 481 2175 potentia
513 2087 713 2153 Francorum
744 2086 837 2152 bellis
868 2089 1001 2154 internis
1039 2086 1212 2169 diminuta,
1254 2071 1312 2148 lui
1334 2075 1410 2189 μιν,

109 2196 229 2262 devicit
259 2194 418 2260 Karolum
446 2193 634 2258 Martellum
658 2194 825 2272 iuvenem,
850 2204 883 2258 et
906 2217 1018 2260 rursus
1042 2194 1214 2280 occupavit
1257 2182 1278 2270 ῤ’
1293 2198 1319 2234 'l
1335 2183 1355 2210 '⁹
1390 2183 1441 2260 ¹7.

109 2301 264 2379 Frisium,
296 2300 474 2365 citeriorem
507 2297 625 2364 dictam
656 2299 779 2364 rationo
810 2298 921 2364 habita
951 2299 1152 2364 Francorum
1180 2310 1213 2364 et

111 2405 309 2492 Anglorum‚
332 2427 467 2490 eamque
491 2405 624 2492 possidit
647 2426 752 2488 usque
776 2402 817 2468 ad
841 2414 989 2480 mortem,
1014 2426 1111 2489 quam
1134 2405 1214 2470 obiit

113 2513 181 2576 719
200 2515 246 2583 ³⁵3
270 2509 426 2575 Radbodo
451 2523 559 2575 autem
582 2508 745 2589 defuncto,
769 2508 912 2575 Karolus
936 2507 1106 2574 Martellus
1127 2521 1213 2576 terra

111 2617 168 2683 illa
201 2617 319 2681 iterum
354 2617 476 2703 potitus
511 2625 575 2694 est,
611 2626 708 2701 atque
736 2637 806 2680 eam
830 2636 930 2702 regno
954 2612 1153 2681 Francorum
1178 2616 1212 2681 in

111 2745 205 2789 omne
235 2731 363 2808 tempus
387 2721 541 2786 attribuit.
589 2716 745 2784 Conferas
771 2718 811 2785 de
834 2719 896 2783 hac
919 2741 955 2783 ro
980 2717 1089 2783 Vitam
1113 2720 1214 2786 Boni-

111 2828 205 2907 facii‚
237 2849 321 2913 quae
353 2848 435 2892 anno
470 2829 535 2890 717
565 2822 759 2890 Radbodum
784 2845 946 2911 paganum
970 2822 1158 2890 Durestadii
1182 2837 1214 2890 et

112 3007 259 3021 ...a—n-

115 3105 202 3154 adhuo
225 3105 303 3166 rivo,
320 3117 404 3167 neque
421 3103 484 3152 fides
502 3102 621 3152 habenda
639 3108 678 3152 est
695 3102 837 3150 narrationi
855 3100 961 3151 Alcuini
979 3104 1005 3152 in
1022 3101 1087 3152 vira
1103 3103 1131 3154 S.
1148 3104 1217 3155 Wil-

114 3185 225 3234 librordi
251 3200 308 3248 cap.
334 3189 366 3244 6,
393 3197 458 3246 quaa
481 3182 585 3232 saeculo
603 3182 785 3245 praetermisso
803 3188 989 3245 postmortem
1007 3181 1217 3236 S.Wlllibrordi

115 3271 242 3329 concepta
262 3271 309 3313 est.

151 3349 184 3392 33
219 3342 316 3392 Annal.
341 3343 484 3392 xantenses
507 3341 547 3406 sd}
566 3356 589 3389 a.
607 3345 673 3390 694:
691 3340 817 3404 Pippinus
835 3340 885 3390 dux
901 3339 1038 3392 Ratdodum
1056 3343 1138 3395 dacem
1155 3345 1218 3396 file·

116 3441 203 3474 aonam
219 3423 331 3474 bellando
349 3423 424 3483 vicit,
439 3420 597 3485 nimiamque
614 3421 665 3470 sisi
679 3421 836 3486 subiuqavit,
854 3429 874 3472 et
894 3418 922 3472 S.
944 3419 1141 3488 Willidrorrlam,
1160 3445 1176 3477 a
1194 3430 1217 3477 b.

117 3501 205 3568 Serpio
228 3521 298 3568 papa
323 3502 532 3566 archiepiscopum
558 3509 737 3562 consecratum,
762 3499 822 3550 illuc
847 3500 882 3550 ad
902 3501 1096 3565 praedicandum
1123 3509 1219 3557 verbum

118 3582 174 3632 Dei
197 3582 293 3632 direxit.
326 3580 431 3632 Sanctus
457 3598 513 3630 vero
539 3579 688 3629 Adaldcrtus
717 3580 743 3628 io
770 3579 822 3629 loco
839 3579 971 3629 Ekmunda
988 3597 1062 3643 usquc
1079 3584 1114 3632 ad
1129 3593 1219 3650 tempus

119 3663 198 3714 esitus
223 3663 265 3712 sai
288 3665 377 3713 mansit
402 3670 465 3722 etc,
490 3661 563 3710 Mon.
589 3659 676 3709 Germ.
704 3657 752 3709 SS.
770 3659 806 3707 11.
824 3675 849 3723 p.
868 3665 917 3707 220
936 3667 960 3709 et
978 3659 1074 3713 Annal.
1091 3663 1220 3728 Egmond.
1294 3671 1296 3674 '

118 3745 204 3794 Kluit.
220 3743 242 3792 I.
259 3759 285 3807 p.
305 3749 328 3793 5.

154 3829 187 3873 34
223 3823 300 3873 Oonf.
332 3822 434 3872 Contin.
466 3821 618 3886 Fredegarii
644 3819 685 3870 cd.
711 3821 832 3883 Bouquot
859 3819 897 3868 11.
922 3835 984 3884 pag.
1013 3826 1062 3872 453
1090 3829 1115 3873 et
1141 3823 1223 3878 Gesta

118 3904 245 3955 Francor.
261 3904 324 3953 ibid.
341 3919 368 3967 p.
386 3905 444 3952 670.
460 3901 557 3952 Annal.
574 3901 648 3952 Meti.
665 3900 736 3950 Mon.
756 3899 788 3950 G.
806 3899 853 3951 SS.
870 3901 893 3950 Ι.
909 3915 935 3965 p.
953 3906 1010 3951 322.
1030 3901 1126 3954 Chion.
1142 3906 1224 3958 Mois·

119 3986 183 4034 siac.
199 3985 262 4035 ibid.
279 4001 305 4049 p.
324 3989 382 4034 290.

155 4069 187 4114 ³5
223 4065 334 4128 Frcdcg.
360 4069 428 4114 cont.
451 4077 473 4112 c.
503 4067 557 4112 105.
584 4067 647 4121 loo,
665 4060 787 4123 Bouquet
804 4061 840 4111 11.
857 4076 883 4125 p.
902 4063 959 4110 716.
976 4060 1073 4112 Annsl.
1090 4063 1182 4116 Potor.
1200 4076 1227 4120 ot

120 4145 149 4196 S.
175 4143 290 4194 Amandi
316 4145 342 4194 in
367 4143 441 4196 Mon.
468 4141 501 4192 G.
528 4141 575 4193 SS.
602 4143 623 4192 I.
649 4157 677 4206 p.
694 4146 717 4192 t.
738 4143 761 4192 7.
778 4142 892 4191 Mortem
908 4141 1031 4193 Radbodi
1049 4145 1174 4198 adnotant
1192 4150 1226 4198 ad

121 4239 217 4278 sunum
237 4226 284 4274 719
304 4225 400 4276 Annal.
416 4225 517 4285 Petam,
535 4223 562 4276 S.
580 4223 710 4285 Amandi,
726 4222 848 4274 Laurisb.
865 4228 914 4273 otc.
