3028 5184
492 433 608 496 Iwnnx
630 430 771 496 Itnnnn.
1128 429 1187 493 133

121 630 255 687 occiderit
274 630 368 696 XVII,
387 630 414 688 2.
440 629 487 702 Cf.
506 629 618 690 domus,
641 628 716 685 ville.

83 730 241 778 custos:
271 729 363 776 custos
394 737 528 795 pecorum
562 718 605 772 vel
637 717 738 773 domus
771 717 822 780 IV,
854 716 883 774 7.
913 715 949 778 ὃς
982 717 1023 789 cf.
1052 717 1131 771 canis
1161 723 1188 770 et

120 811 241 869 animal.

84 993 292 1049 llemnum=
330 989 469 1044 damnum
491 987 568 1062 quod
599 984 711 1050 effecit,
740 985 836 1043 novies
866 1001 1035 1060 componere
1071 995 1189 1060 cogatur

119 1079 218 1143 XVII,
250 1078 286 1138 lt
316 1077 338 1132 si
369 1076 511 1132 damnum
535 1074 650 1130 illatum
670 1081 722 1137 ost,
741 1075 772 1129 in
793 1073 883 1150 duplo
903 1071 1074 1129 emendetur
1092 1074 1187 1141 XVII,

119 1170 159 1231 43
191 1169 215 1225 si
234 1167 284 1223 ille
304 1183 401 1221 serens
420 1162 537 1239 aliquod
557 1163 698 1218 damnum
719 1163 760 1219 ibi
777 1161 877 1219 fecerit
887 1161 1086 1237 (commiserit)
1097 1164 1186 1223 Adel.

118 1256 207 1320 VIII,
229 1257 252 1311 l.
274 1253 301 1311 2.
325 1253 371 1328 Os.
393 1271 479 1316 noxa,

81 1346 329 1405 debilitare:
361 1343 384 1398 si
415 1342 522 1418 digitus
541 1340 709 1398 debilitatus
729 1350 757 1397 et
776 1341 887 1398 inutilis
908 1346 1076 1421 pependerit
1097 1347 1185 1405 Add.

118 1437 162 1501 ΙΙ,
197 1435 248 1497 10³
279 1433 472 1507 quodcunque
503 1429 667 1486 membrum
698 1430 737 1486 ite
768 1429 951 1488 debilitatum
972 1436 1073 1500 fuerit,
1093 1445 1125 1492 ut
1146 1421 1189 1493 ibi

117 1525 226 1582 inutile
245 1521 414 1600 pependerit
432 1521 520 1576 Add.
552 1519 609 1583 ΙΙΙ,
628 1518 665 1576 46
685 1522 734 1593 (cs
746 1519 849 1577 debilis
870 1531 896 1577 et
916 1522 1060 1589 debilitas,
1080 1528 1187 1599 quibus

118 1615 220 1672 verbis
251 1615 280 1668 in
317 1612 432 1686 legibus
460 1609 573 1666 Frise'c.
604 1619 711 1666 recent.
736 1629 815 1666 uoces
834 1610 916 1668 Fris.
938 1613 995 1670 lorn
1018 1623 1046 1671 et
1065 1615 1187 1672 lemetlre

118 1702 368 1774 transferuntur,
389 1702 427 1773 cs.
448 1697 547 1755 Fries.
567 1696 704 1772 Ileclztsq.
717 1718 753 1772 p.
774 1697 822 1763 90,
842 1702 892 1774 9.).
916 1699 963 1775 Os.
984 1723 1115 1763 maneus.

81 1793 347 1850 decrescere:
367 1789 391 1845 si
412 1787 562 1844 brachium
582 1794 632 1842 eut
652 1805 719 1843 crus
738 1789 918 1861 percussione
939 1789 1075 1849 decrescit
1098 1813 1115 1849 a
1137 1814 1189 1851 sua

116 1878 312 1958 grossitudine
343 1878 434 1934 Add.
463 1875 519 1940 ΙΙΙ,
549 1874 596 1934 35,
625 1863 703 1933 Μ.
726 1875 812 1933 Wol.
832 1876 861 1934 8.
885 1877 931 1953 Of.
952 1881 1093 1947 minuere,
1112 1903 1188 1941 sme-

116 1970 180 2027 lido
201 1978 229 2025 et
247 1967 401 2044 percussio.

80 2061 322 2116 decurreret
356 2064 386 2111 ut
416 2056 522 2111 humor
551 2054 668 2128 (sanies,
697 2054 838 2125 medulla)
869 2056 1003 2115 decurrat
1027 2059 1120 2126 XXII,
1140 2061 1187 2119 64.

117 2147 210 2205 Add.
232 2145 280 2204 32.
298 2144 346 2202 33.
367 2143 414 2202 llll.
434 2142 481 2200 45.
505 2141 552 2218 (Is.
571 2151 732 2220 percutere.

81 2237 150 2296 def
158 2235 344 2293 ormitase
377 2233 402 2290 si
430 2253 465 2292 ex
495 2233 675 2308 percussione
706 2233 872 2292 deformitas
892 2236 976 2294 faciei
997 2239 1078 2296 illata
1099 2241 1188 2299 fuerit

120 2327 214 2384 Adel.
233 2324 291 2391 ΙΙΙ,
314 2323 358 2382 Ι6.
381 2323 428 2396 Of.
450 2323 605 2379 wlititvam.

80 2417 297 2474 delictum=
327 2414 363 2471 de
383 2414 487 2470 delicto
506 2431 655 2469 serrorum
676 2410 744 2475 XII,
764 2415 857 2470 inser.
883 2413 929 2489 Of.
950 2416 1073 2475 facinus.

80 2505 301 2564 denarius:
339 2504 365 2580 ¹)
386 2503 500 2559 denarii
525 2500 693 2565 Fresionici,
712 2509 829 2567 veteres,
849 2502 886 2558 ad
906 2523 1009 2562 noram
1031 2519 1188 2574 monetam,

120 2594 206 2652 noris
236 2602 281 2650 ter
314 2593 347 2650 10
367 2593 500 2650 denarios
521 2589 694 2647 nresionicos
718 2600 870 2667 componet
895 2595 979 2652 Adel.
1001 2595 1056 2660 ΙΙΙ,
1077 2597 1132 2661 tm
1153 2600 1189 2656 li·

122 2686 192 2741 brae
221 2701 275 2760 per
305 2697 410 2740 veteres
440 2681 572 2738 denarios
608 2677 672 2743 XV,
696 2678 1188 2746 t.2;inrer1.aubaehierluehi

123 2783 180 2830 tres
210 2772 321 2827 denarii
352 2790 441 2828 norae
471 2777 601 2826 monetae
633 2768 757 2826 solidum
787 2769 898 2827 iaciunt
927 2772 1015 2830 And.
1046 2776 1101 2840 lIl,
1132 2778 1187 2841 782

122 2865 199 2919 inter
230 2861 276 2916 Fli
305 2871 333 2916 et
353 2860 511 2918 Sinclelam
532 2856 701 2934 weregildus
721 2858 827 2915 nobilis
850 2859 1121 2926 monticulum
1141 2866 1189 2931 50,

121 2953 167 3009 liti
197 2949 246 3015 25,
278 2949 374 3023 (solid.
398 2950 511 3006 denarii
531 2951 549 3004 3
570 2966 659 3003 norae
679 2952 822 3019 monetae)
838 2948 867 3013 l,
890 2949 944 3012 103
965 2951 1040 3008 inter
1060 2953 1140 3011 Fient
1160 2967 1189 3014 et

123 3040 282 3100 Sinofalam
301 3038 409 3096 solidus
428 3048 471 3095 est
490 3038 547 3094 duo
567 3036 680 3093 denarii
700 3046 727 3094 et
748 3037 885 3094 dimidius
905 3040 941 3095 ad
963 3060 1067 3099 novem
1089 3064 1188 3102 mone-

121 3141 182 3188 tam
202 3131 290 3187 Add.
311 3129 367 3192 ΙΙΙ,
386 3129 443 3194 73;
459 3129 534 3184 inter
554 3126 697 3184 Wisarem
718 3136 745 3183 et
765 3127 893 3184 Leubaci
914 3130 970 3186 duo
991 3132 1103 3191 denarii
1122 3138 1186 3194 novi

122 3220 231 3278 solidus
250 3228 292 3276 est
311 3219 399 3276 Add.
419 3217 541 3278 111.73.
576 3217 604 3288 ²)
624 3215 643 3274 3
663 3217 775 3274 denarii
795 3237 838 3270 =
860 3219 872 3274 l
894 3219 1021 3281 solidus:
1043 3243 1095 3299 pro
1105 3224 1185 3282 frede

122 3308 227 3367 solidos
260 3306 296 3364 12
325 3317 486 3384 componat,
516 3309 568 3362 hoo
597 3313 638 3362 est
669 3305 707 3362 36
727 3306 858 3364 denarios
878 3308 960 3373 Vlll,
983 3312 1014 3376 le
1035 3324 1188 3390 componat

122 3399 239 3455 domino
269 3399 330 3455 eius
360 3398 465 3455 solidos
498 3398 528 3461 lt,
557 3397 611 3453 hoc
635 3407 675 3455 est
696 3396 828 3452 denarios
852 3396 1015 3464 121X,3;
1036 3415 1187 3481 componat

123 3487 211 3544 tutori
239 3487 300 3544 eius
331 3487 434 3544 solidos
466 3486 514 3552 20,
545 3486 576 3542 id
596 3495 637 3543 est
657 3485 788 3542 denarios
809 3485 847 3543 60
866 3486 917 3551 ΙΧ,
941 3489 994 3552 ll;
1015 3490 1092 3547 inter
1111 3492 1187 3549 Lau.

122 3577 209 3636 bachi
238 3586 265 3634 et
295 3577 439 3633 Wiseram
459 3577 602 3635 flurium:
621 3595 675 3653 pro
697 3574 847 3650 weregildo
866 3576 939 3632 servi
961 3577 980 3632 4
999 3579 1113 3645 solidos,
1132 3583 1187 3638 hoo

122 3675 163 3722 est
194 3666 327 3723 denarios
360 3665 395 3722 12
414 3666 450 3722 ad
471 3674 584 3743 partem
604 3665 678 3741 regis
697 3673 848 3739 componat
868 3663 920 3728 IX,
943 3666 994 3731 173
1015 3667 1091 3724 inter
1109 3669 1189 3726 Lau-

123 3755 188 3812 beci
216 3764 244 3812 et
276 3756 435 3814 Sincfalam
467 3775 519 3832 pro
541 3755 624 3812 frede
644 3753 682 3812 30
701 3754 787 3810 solidi
806 3765 1032 3830 componuntur,
1050 3758 1100 3833 qui
1121 3760 1189 3816 soli-

123 3844 178 3901 dus
209 3845 300 3902 tribus
330 3845 459 3903 denariis
488 3855 597 3902 constat
628 3843 709 3909 XVI,
742 3844 775 3908 l;
806 3843 882 3901 inter
912 3844 955 3902 tui
982 3856 1009 3903 et
1030 3847 1188 3906 Sincfelem

123 3933 293 4010 weregildus
321 3935 427 3993 nobilis
460 3933 513 3992 100
532 3935 595 3999 sol,
614 3934 701 3990 liberi
721 3931 770 3998 50,
789 3933 831 3989 liti
854 3933 902 3998 25,
922 3935 1016 4005 (solid.
1037 3937 1150 3995 denarii
1170 3938 1190 3996 3

123 4041 216 4079 norae
246 4027 389 4097 monetae)
421 4023 448 4088 l,
479 4023 533 4087 10;
552 4025 628 4079 inter
650 4021 802 4079 Laubaohi
821 4032 849 4079 et
868 4023 943 4079 inter
962 4023 1042 4081 Flehi
1065 4035 1120 4083 tres
1140 4028 1189 4084 cle-

122 4112 201 4168 nerii
219 4130 309 4171 novae
340 4122 471 4171 monetae
500 4112 623 4169 solidum
653 4112 763 4168 facient
793 4112 881 4169 Add.
900 4112 955 4178 ΙΙΙ,
975 4112 1023 4172 78.
1065 4113 1113 4192 Of.
1132 4126 1191 4173 tre·

124 4202 228 4267 missis,
256 4203 376 4267 solidus,
405 4203 493 4261 libre.
529 4203 555 4274 ³)
576 4201 650 4257 llaec
670 4211 711 4257 est
730 4201 834 4278 simpla
853 4204 1017 4276 compositio
1038 4205 1074 4261 de
1093 4205 1189 4263 homi·

125 4290 199 4348 oidis
226 4294 263 4368 (i.
286 4311 308 4349 e.
330 4293 406 4348 inter
427 4292 473 4348 lui
493 4300 519 4347 et
540 4290 721 4367 LeubaohiJ:
742 4291 766 4346 si
787 4290 876 4364 (quis)
897 4291 1020 4350 liberum
1041 4294 1192 4358 occiderit,
