3028 5184
350 395 409 457 106
517 397 713 464 Annene
756 396 958 464 Tralli.
1002 403 1338 485 §te-riatur.

346 592 489 668 puellae.'’
530 593 703 650 luctoritete
722 594 841 670 capituli
863 594 900 652 76
922 595 965 652 tit.
986 594 1030 653 lll
1050 596 1124 656 tud.
1144 601 1181 656 ab
1200 601 1426 660 hominenlibero
1489 613 1490 674 ζ

346 682 396 756 qui
417 699 535 738 uxorem
554 681 672 739 alterius
691 694 791 740 contra
812 685 904 760 legem
926 684 1056 752 tulerit'’‚
1077 687 1134 744 duo
1150 689 1427 765 weregildasolrenda
1489 683 1490 724 t

344 779 423 833 sunt.
452 791 510 828 non
541 772 606 836 tria,
625 791 700 846 quae
719 772 765 830 ius
784 774 903 850 capituli
925 772 944 831 8
964 775 1008 832 tit.
1030 775 1071 834 lX
1088 778 1145 854 leg.
1166 777 1240 838 liris.
1260 781 1426 857 praescribiti

344 883 361 915 u
373 881 446 918 uxor
474 862 553 918 enim
577 861 707 928 alterius,
725 883 814 939 quam
834 866 920 921 homo
939 864 1013 922 liber
1033 876 1133 924 contra
1153 867 1244 944 legem
1264 869 1384 934 tulerit”‚
1400 888 1427 926 cx

343 951 466 1028 capitulo
496 949 534 1008 76
563 952 606 1009 tit.
638 951 682 1008 lll
702 953 775 1010 ldd.
798 954 913 1010 nullum
936 955 1122 1030 weregildum
1141 957 1253 1033 recipit.
1291 958 1359 1018 Gnnr
1376 959 1428 1016 iure

343 1039 451 1098 Frisico
479 1040 599 1116 capituli
627 1041 706 1098 citati
733 1041 810 1100 conl.
828 1061 891 1118 cap.
915 1043 927 1098 l
950 1042 994 1101 tit.
1013 1043 1041 1100 X
1058 1045 1131 1122 legis
1151 1045 1364 1124 Thuringcrunr
1381 1047 1428 1121 [ed.
1488 1085 1490 1110 i

341 1128 450 1188 Merkel
476 1130 513 1195 V,
534 1131 579 1204 l)r
598 1134 652 1206 qai
672 1134 800 1190 liberam
811 1135 964 1207 seminam
984 1137 1136 1208 rapuerit,
1154 1137 1270 1194 reddat
1290 1158 1351 1196 eom
1367 1157 1427 1196 aem

342 1220 449 1277 solidis
477 1220 546 1285 200,
577 1229 605 1278 et
633 1222 787 1296 quidquid
807 1241 876 1279 eum
896 1242 930 1279 eu
949 1224 1056 1282 troierit
1075 1228 1241 1292 restituam
1262 1227 1282 1285 l.
1302 1227 1359 1286 Sal.
1377 1225 1427 1288 XV.

344 1309 356 1366 l
389 1309 434 1366 ed.
465 1307 575 1366 Merkel
605 1319 634 1368 et
663 1310 698 1368 L.
727 1309 792 1386 Rip.
823 1310 942 1375 XXXV,
976 1312 1009 1370 lr
1033 1315 1061 1369 si
1080 1316 1149 1387 pecie
1167 1335 1296 1374 eruorem
1313 1318 1426 1372 alienum

341 1402 448 1456 talant
478 1402 544 1456 vivo
572 1402 698 1462 marito.
727 1401 839 1457 solidos
869 1399 928 1459 200
951 1404 1114 1476 capabilis
1133 1406 1300 1470 iudicetur,
1319 1413 1345 1461 et
1362 1404 1427 1480 oapi·

340 1489 435 1546 tulum
468 1486 487 1545 ¹t
506 1507 533 1548 a.
552 1486 612 1546 819
630 1489 686 1564 legi
708 1489 819 1546 Salinae
838 1489 971 1548 additum
992 1491 1022 1547 in
1043 1490 1120 1550 Mon.
1141 1492 1174 1549 G.
1193 1493 1253 1551 Lt..
1274 1493 1298 1550 l.
1317 1515 1346 1570 p.
1363 1491 1425 1550 226:

339 1579 377 1636 de
396 1581 449 1636 doe
469 1580 602 1652 capitulo
621 1579 794 1636 iudicatum
821 1588 874 1644 est,
893 1588 930 1636 ut
950 1583 1015 1637 eino
1034 1584 1147 1638 morito
1167 1586 1219 1640 eui
1239 1584 1341 1640 eudem
1358 1601 1425 1640 uror

341 1677 447 1727 contra
478 1668 571 1742 legem
600 1669 771 1724 substracta
781 1670 908 1741 ficerat,
930 1688 998 1726 oum
1016 1668 1074 1727 200
1093 1671 1201 1728 solidis
1222 1673 1346 1729 redditu
1355 1672 1425 1744 fiot;

337 1767 364 1815 et
394 1758 414 1816 l.
445 1757 576 1814 Alcman.
604 1755 655 1821 Lt,
687 1758 718 1814 l:
740 1760 856 1831 siquis
877 1759 1099 1816 liberandam
1117 1763 1250 1818 alteriue
1269 1770 1369 1820 eontra
1395 1762 1426 1816 a·

338 1868 407 1924 gem
435 1850 554 1912 titteris,
582 1847 695 1904 reddat
723 1867 798 1912 eum,
828 1855 855 1903 ct
884 1867 951 1904 mem
969 1847 1009 1906 80
1028 1850 1081 1906 sol.
1102 1861 1268 1924 conponat.
1289 1850 1324 1910 V.
1345 1848 1426 1908 Wilda

339 1939 445 1996 Strafr.
465 1959 494 2014 p.
515 1933 583 1994 802.

382 2026 410 2060 ⁴²
455 2025 518 2082 ller.
540 2027 704 2081 tremissem
715 2045 728 2090 ,·
747 2044 803 2081 em.
825 2027 969 2084 tremisse.
988 2051 1023 2063 -
1045 2025 1105 2083 Ter
1123 2027 1181 2105 53}
1199 2029 1312 2085 solidos
1330 2045 1425 2101 compo·

338 2106 453 2178 nat,‘i.
485 2134 510 2170 o.
532 2114 718 2190 weregildum
737 2114 799 2171 eins
818 2115 920 2180 solvat,
939 2116 1016 2190 quod
1037 2135 1070 2173 eo
1091 2125 1230 2193 ternpore,
1249 2138 1307 2194 qno
1325 2118 1424 2175 tdtitio

337 2204 409 2279 legis
428 2202 553 2260 Frisioae
573 2203 761 2267 condebatur,
781 2203 974 2279 triplicatione
994 2206 1145 2282 weregeldi
1166 2206 1308 2284 simplicis
1328 2204 1425 2280 antiqui
1485 2224 1489 2243 ¹

338 2295 369 2350 in
390 2291 514 2369 3><53÷
533 2294 586 2350 sol.
607 2301 745 2350 statutum
765 2301 835 2351 erat.

380 2382 411 2418 ⁴³
454 2383 517 2442 Non
545 2391 586 2440 est
614 2382 747 2447 dubium,
778 2382 851 2458 quin
871 2383 917 2438 ins
936 2383 1126 2458 capitulorum
1147 2384 1184 2441 77
1204 2394 1234 2442 et
1255 2385 1293 2443 78
1312 2405 1328 2441 a
1349 2383 1423 2440 Fran·

335 2492 435 2530 cornui
464 2475 580 2549 regibus
610 2473 757 2529 conditum
786 2473 834 2536 sit,
854 2472 905 2547 qui
925 2473 1001 2548 leges
1022 2473 1156 2530 ecclesiae
1179 2475 1353 2532 christianae
1371 2472 1423 2528 »de
1486 2503 1487 2516 ι

334 2563 442 2619 illicitis
461 2563 590 2639 nuptiis”
623 2562 655 2618 in
683 2559 774 2618 Frisia
805 2561 997 2627 induxerant3
1030 2561 1093 2618 ride
1122 2582 1196 2638 quae
1217 2563 1318 2622 Wilda
1337 2561 1423 2622 Stralr.
1485 2602 1486 2632 p

285 2667 287 2673 ⁴
335 2671 366 2728 p.
386 2651 444 2708 856
463 2652 499 2709 de
519 2652 554 2708 iis
573 2650 653 2716 dicit,
672 2652 710 2708 cl.
731 2650 823 2726 Capit.
842 2650 878 2707 de
898 2651 1029 2726 partibus
1050 2652 1191 2710 Saxoniao
1211 2673 1241 2711 a.
1262 2651 1318 2712 785
1336 2671 1359 2709 c.
1378 2649 1423 2708 tt=
1485 2723 1486 2730 ἵ

334 2745 365 2799 si
391 2745 460 2818 qais
488 2745 638 2818 ingenuas
650 2743 844 2815 prohibitum
864 2742 911 2800 cel
929 2742 1084 2799 inlicitum
1104 2744 1281 2818 coniugium
1299 2743 1356 2799 sibi
1371 2757 1423 2796 eor·

336 2835 414 2889 titus
423 2834 541 2905 fiterit,
560 2830 598 2890 30
617 2831 739 2894 solidor,
756 2838 808 2886 etc.

375 2920 406 2956 *⁴
448 2921 530 2977 Gonl.
550 2937 612 2996 cap.
633 2918 671 2977 73
690 2919 770 2975 tituli
788 2918 852 2975 lIIa
871 2918 942 2976 add.
965 2927 993 2976 et
1013 2927 1073 2976 not.
1094 2918 1141 2979 38.
1162 2939 1190 2995 p.
1225 2918 1290 2978 lot.

375 3007 406 3043 *⁵
449 3009 482 3066 ln
513 3009 637 3065 editione
667 3008 737 3083 legis
766 3006 839 3064 Fris.
869 3007 984 3064 llerold.
1014 3026 1121 3065 nomeu
1152 3008 1214 3067 Tu.
1237 3009 1312 3066 III
1326 3007 1421 3064 duobus
1484 3058 1487 3069 ⁴

334 3099 423 3156 titulis
451 3097 612 3154 ddditiouis
640 3098 808 3173 impositum
837 3106 889 3160 est,
920 3097 1038 3170 quibus,
1057 3105 1088 3153 ut
1109 3097 1364 3171 distinguerentur,
1381 3094 1419 3176 lit-
1487 3121 1488 3128 .

333 3199 408 3246 teras
437 3207 458 3242 a
488 3195 515 3242 ct
545 3186 735 3260 hadscripsi:
756 3187 809 3259 (tit
834 3185 921 3241 IIIa
942 3195 969 3242 ct
990 3189 1039 3244 tit.
1058 3187 1169 3261 Illo),
1190 3188 1255 3244 ride
1275 3197 1365 3246 noum
1384 3181 1422 3239 45.

333 3297 362 3354 p.
392 3275 451 3342 90.
481 3275 591 3349 inqua
614 3275 732 3350 exposui
752 3275 867 3330 titulum
889 3273 951 3330 Illa
971 3277 1076 3332 rectius
1096 3277 1179 3333 titulo
1198 3278 1324 3335 secundo
1342 3274 1421 3332 adnn-

332 3366 451 3428 morari.
483 3383 572 3439 quam
602 3365 640 3422 ob
670 3383 732 3421 reni
763 3363 886 3420 editores
916 3363 986 3440 legis
1017 3364 1140 3422 Frisicae
1171 3385 1229 3422 non
1250 3385 1362 3442 sequor.
1379 3359 1420 3436 qui

331 3454 447 3512 titulum
468 3452 532 3511 lllb
551 3453 705 3510 nominant
724 3461 873 3528 quartum,
893 3452 948 3510 Tit.
970 3452 1011 3512 lv
1031 3463 1127 3510 autem
1147 3454 1296 3529 quintum,
1313 3463 1361 3511 eto.

374 3545 404 3580 ⁴⁸
447 3544 520 3602 Cum
550 3543 635 3601 titulo
664 3541 728 3599 lllb
760 3541 921 3600 tddnonis
954 3545 1009 3616 qui
1027 3545 1121 3600 alteri
1141 3545 1222 3601 eiam
1243 3543 1420 3600 contradico·

330 3639 426 3701 rit..‚
458 3644 504 3692 ter
524 3633 542 3690 lt
562 3634 673 3691 solidos
693 3641 994 3707 compunctorum
1014 3634 1149 3708 opinione
1168 3634 1201 3688 in
1220 3652 1307 3690 usum
1327 3629 1419 3688 Frisiae

329 3726 441 3784 mediae
470 3723 633 3788 constituto,
661 3722 791 3780 conferas
821 3721 939 3779 titulum
969 3721 1011 3781 vl
1040 3722 1220 3780 Additionise
1250 3725 1279 3778 si
1310 3722 1373 3796 quie
1393 3717 1418 3771 io

321 3816 458 3891 flumine
484 3815 567 3870 eiam
590 3814 747 3886 preblicom
767 3813 936 3876 occluserit,
958 3810 992 3867 12
1010 3813 1121 3869 solidos
1140 3819 1305 3886 componat.
1324 3829 1341 3865 a
1359 3807 1419 3864 Sax-

331 3903 440 3958 mnndo
469 3901 525 3978 legi
557 3900 721 3957 Frisiorum
748 3901 781 3956 in
811 3918 897 3957 usum
926 3900 1036 3957 Frisiee
1065 3901 1257 3962 occidentalis.
1288 3900 1319 3956 ni
1337 3895 1419 3954 fallor,

328 3990 482 4047 adiectum.
531 3988 569 4046 lu
599 3996 677 4045 textu
706 3989 777 4066 legis
806 3987 929 4046 Frisicao
959 3991 1061 4047 veteris
1080 3990 1228 4054 delictum,
1256 3989 1292 4046 de
1311 4005 1364 4062 quo
1380 4001 1417 4038 ce·

329 4078 423 4156 pitula
451 4079 537 4135 citata
567 4077 730 4135 Additiouis
760 4077 931 4153 loquuntur,
960 4098 1020 4136 non
1048 4089 1089 4136 est
1109 4087 1374 4136 commemoratum·
1388 4085 1416 4126 0¹

326 4186 421 4247 poena
440 4176 535 4224 eutem
556 4188 573 4222 u
585 4176 628 4224 ter
647 4167 666 4224 4
685 4167 885 4232 solidornm'’,
904 4187 962 4242 qua
981 4187 1017 4226 ex
1036 4168 1164 4245 capitulo
1183 4167 1249 4225 lllb
1268 4159 1414 4224 Additiouie

326 4263 381 4316 lico
409 4257 546 4314 delictum
577 4257 743 4321 mulctatur,
772 4257 910 4316 wniicere
942 4257 1027 4316 velim
1056 4257 1115 4315 iuri
1149 4256 1256 4316 Frisioo
1286 4250 1369 4314 reteri
1386 4245 1410 4304 ld

1488 1135 1490 1192 l
