3020 5174
459 370 741 463 rmum.
1129 376 1170 444 m·

33 573 189 658 opinioni
219 578 271 636 oel.
295 576 392 634 Wilda
421 575 580 634 Strafreoht
609 596 638 651 p.
668 571 736 640 631,
765 577 828 650 qni,
853 579 965 634 ratione
997 575 1094 634 hobito
1126 595 1172 632 co·

33 669 154 746 piosae
185 668 262 725 tituli
284 665 430 730 dictionis,
448 665 573 742 explieat
590 665 727 730 eundem,
746 665 845 740 (quem
866 664 935 724 dieii
956 670 1005 724 eiu
1024 655 1173 724 oodwerci

37 759 123 816 und
152 760 328 834 eireguldree
361 755 472 830 Geretz)
500 754 557 832 logi
588 754 688 811 multis
717 762 781 832 post
810 755 896 812 annis
927 755 1070 814 odieotum
1099 775 1169 816 esse.

38 847 244 905 Additiouem
265 844 430 904 Wnlemari
451 843 480 900 in
502 842 561 900 fine
583 842 659 900 tituli
680 845 771 902 serius
790 843 968 922 adseriptam
987 855 1058 910 esse,
1077 847 1171 904 mani-

39 939 164 996 festum
194 944 246 995 est.
285 934 326 993 tte
354 934 437 991 titulo
473 933 581 990 eonfer.
614 932 710 1012 liogge
739 934 961 1015 Geriolrtsueeen
990 954 1020 1011 p.
1050 933 1172 997 26-28,

40 1025 222 1102 Woringeu
242 1025 374 1100 Beitriige
394 1044 424 1100 p.
445 1021 495 1088 49.
516 1022 614 1078 Wilda
635 1022 799 1080 Strefreoirt
817 1033 848 1102 p.
868 1021 936 1081 631.

94 1115 133 1151 ²¹
180 1114 295 1172 Herold.
323 1113 469 1172 Forreaui
480 1132 492 1178 ,·
523 1111 662 1170 editiones
682 1113 865 1179 remotiores,
884 1123 1001 1192 exeepta
1022 1123 1118 1171 tamon
1137 1134 1172 1172 ea

42 1225 155 1282 quam
185 1205 318 1264 Siooama
346 1203 517 1280 publicarit,
546 1202 724 1259 substituunt
744 1203 789 1260 lte
800 1206 951 1279 sorresui.
990 1202 1120 1262 Siooome
1141 1205 1171 1260 iu

42 1295 255 1354 Commentur.
275 1294 331 1372 leg.
364 1285 437 1350 Fris.
458 1300 553 1368 putat.
583 1311 599 1344 a
623 1311 676 1368 pro
701 1295 843 1368 sorreeui
870 1294 1087 1351 rescribendum
1113 1314 1172 1353 esse

33 1384 204 1461 sorredui
231 1385 291 1441 sive
314 1383 521 1458 sorrsduioeef
551 1381 581 1437 id
615 1389 657 1438 est
689 1381 915 1459 proditionem'’.
944 1383 1066 1441 Formae
1096 1386 1172 1442 vonis

45 1483 299 1533 commemoratae
318 1481 386 1531 sont
405 1473 437 1528 in
458 1491 591 1530 sermone
612 1473 699 1530 theot.
722 1481 818 1530 vetere
830 1474 1170 1548 sorradeuiermue‘r'ra.

46 1566 192 1628 desiisse,
204 1561 288 1622 Graii
296 1562 333 1620 11.
344 1582 375 1639 p.
388 1557 455 1624 1167.
464 1561 495 1618 in
507 1579 637 1618 sermone
648 1553 756 1618 Frisiae
767 1562 950 1621 oooidentalis
960 1565 1067 1622 saeouli
1085 1565 1176 1626 Killa

50 1661 259 1717 omratueeee,
281 1651 438 1710 Westirios.
457 1651 561 1708 flandi.
582 1671 609 1709 n.
624 1650 696 1708 1299
718 1651 814 1708 Mieris
824 1651 850 1712 1.
869 1672 900 1728 p.
912 1651 984 1718 617;
1007 1674 1066 1714 uon
1084 1659 1173 1716 habe.

48 1763 121 1801 mus
145 1741 223 1818 quod
245 1759 339 1799 rooem
351 1743 494 1814 sorresui
525 1741 609 1798 modo
638 1738 713 1797 dioto
739 1741 935 1801 emendemus.
974 1744 1068 1804 Aliam
1099 1751 1173 1808 eoois

49 1831 329 1908 interpretationem
367 1831 518 1908 proposuit
558 1828 614 1886 loo.
657 1829 768 1888 Grimm
799 1831 872 1888 (tota
908 1831 964 1909 gel.
994 1839 1055 1892 Anu
1100 1838 1175 1898 1832

51 1943 84 2000 p.
100 1919 201 1979 11952
221 1919 367 1978 Foru-erui
386 1921 486 1978 devitet
506 1920 571 1976 siolo
587 1922 840 1980 wairraeheiudiole
851 1941 996 1997 yauooue
1008 1926 1064 1984 der
1074 1927 1173 1988 Μαι.

55 2011 498 2086 Spraolzeigeutltiimlioltleeit.
548 2010 657 2068 Bieoer
690 2009 810 2068 Bioieet
831 2017 935 2088 pflegt
969 2015 1027 2072 deu
1064 2019 1173 2078 hortere

55 2100 215 2160 Kelellaut
235 2100 255 2156 lc
272 2100 340 2158 uud
357 2100 399 2156 tt
418 2103 452 2158 iu
472 2103 520 2156 eiu
541 2100 709 2158 eiocheudee
727 2120 759 2158 so
780 2121 815 2158 zu
835 2104 1028 2162 verwuudelu
1036 2124 1049 2171 ;
1060 2107 1118 2165 due
1129 2113 1173 2185 oft

56 2190 294 2248 vor-icommeude
321 2189 419 2247 Frieo.
449 2187 583 2246 Verbum
602 2208 687 2248 reesa
706 2193 874 2264 eutaprielrt
892 2191 960 2250 dem
970 2195 1045 2254 atct.
1055 2199 1175 2266 rochan,

56 2281 202 2338 ultnord.
230 2279 317 2339 reita.
343 2280 411 2336 erud
438 2279 572 2336 bidentat
595 2281 719 2353 pellere,
748 2281 882 2339 tradere.
923 2281 1070 2342 meeeui
1096 2287 1181 2365 dors

57 2374 127 2428 oleo
148 2371 306 2444 ozcsgetegr
327 2369 447 2426 werden
460 2370 634 2442 propulsio,
655 2368 799 2433 traditio,
813 2370 965 2442 proditio,
985 2379 1173 2436 vendideri-

59 2461 130 2516 eche
165 2452 365 2533 Borgebuug.
406 2457 482 2514 Sunt
508 2456 579 2512 mini
599 2455 792 2514 dubitationes
812 2457 865 2515 hoo
885 2457 916 2514 in
937 2459 1175 2536 interpretatione

58 2547 262 2624 praeceptoris
291 2546 478 2604 dilectissimi.
518 2545 561 2603 Ex
581 2546 670 2604 verbo
690 2545 761 2605 Fris.
784 2547 868 2612 reia,
886 2567 971 2607 resno
988 2551 1023 2608 in
1043 2571 1175 2616 sermone

60 2636 177 2694 Frisioo
207 2633 400 2693 transflerano
429 2634 536 2692 soeculi
567 2634 670 2692 deoimi
698 2635 775 2692 tertii
795 2637 920 2694 formare
939 2638 1023 2698 liceat
1043 2645 1176 2704 snbstan-

60 2728 160 2784 tirnm
189 2725 335 2800 quoddam
363 2725 482 2787 reliano,
502 2743 633 2789 ressone,
651 2744 779 2791 reozeuer
806 2745 956 2801 nunqnam
977 2748 1044 2786 vero
1062 2752 1177 2810 exspoo.

62 2819 162 2874 terem
192 2813 224 2871 in
264 2814 435 2872 dooumento
464 2810 572 2870 Frisioo
601 2813 707 2870 saeculi
748 2815 817 2872 noni
855 2815 979 2874 formam
1010 2825 1093 2878 reeui
1121 2845 1176 2901 pro

63 2920 190 2964 reewue
217 2907 405 2967 contractam,
433 2920 526 2977 neque
557 2902 710 2959 oonoedom
738 2904 995 2964 conformationem
1023 2909 1176 2972 littereek

64 2996 95 3052 in
116 3016 153 3052 az
172 2995 206 3050 in
232 3012 363 3050 sermone
391 2992 499 3050 Frisiae
518 2991 787 3068 eminentiumque
809 2994 898 3051 utitur
918 2995 978 3056 Lex
998 2999 1176 3066 Frisionum.

66 3084 239 3142 Assensione
269 3084 451 3159 oomprobem
482 3082 713 3158 interpretationi
732 3085 769 3140 ab
789 3083 813 3141 Ι.
834 3085 975 3145 Grimmio
994 3091 1176 3166 repudiatae,

67 3193 102 3231 ex
121 3192 186 3249 qna
207 3191 259 3230 vox
269 3174 413 3248 forresni
431 3171 467 3228 eit
486 3171 669 3228 emendenda
689 3172 719 3228 in
734 3175 876 3248 sor-esui.
916 3177 1008 3246 Emi,
1027 3184 1176 3260 anglosax.

69 3283 145 3330 eene,
177 3263 264 3320 theot.
295 3270 349 3320 rot.
371 3264 452 3327 aeni,
470 3259 615 3338 significet
635 3264 858 3328 mercenarium,
876 3265 1024 3326 hominem
1044 3276 1175 3333 mereede

68 3355 267 3415 eonduotum3
299 3359 327 3407 et
346 3353 483 3427 sor-esni
509 3350 666 3408 transferre
687 3351 771 3409 velim
793 3371 857 3410 rooe
877 3355 964 3416 theut.
994 3364 1176 3432 ver-Iduum,
1249 3369 1252 3374 “

69 3443 89 3500 ἰ.
119 3464 149 3500 e.
169 3439 396 3519 expositor,
426 3458 485 3514 quo
516 3438 601 3495 verbo
621 3437 725 3498 Latino
753 3441 846 3498 utitur
875 3451 967 3502 textus
997 3448 1074 3508 tituli
1104 3453 1175 3531 legis

70 3529 209 3596 Frisioae,
238 3539 269 3586 ut
299 3528 455 3587 transierat
486 3547 584 3586 rooem
606 3533 739 3604 sommi,
759 3530 803 3587 rel
822 3532 1002 3591 elooetor
1022 3539 1055 3612 (i.
1075 3561 1101 3600 e,
1121 3544 1175 3619 qui

71 3622 188 3695 elooat),
206 3619 283 3696 quod
304 3618 402 3678 eodem
423 3638 508 3675 sensu
526 3618 558 3674 in
578 3618 640 3696 lege
661 3619 754 3678 Salioa
773 3620 817 3677 tit.
838 3620 877 3678 28
894 3625 1026 3684 oeourrit.

113 3711 145 3746 ²²
190 3709 256 3768 Her.
274 3710 319 3766 ud
337 3710 515 3766 occidentem
525 3726 537 3775 ,⁸
557 3727 613 3766 em.
633 3710 678 3766 od
696 3710 898 3770 occidendum.

114 3801 147 3836 ²³
192 3797 370 3875 Quaeremus
400 3798 473 3875 quid
491 3799 546 3855 sibi
568 3795 731 3876 significent
751 3802 856 3860 verber
876 3806 904 3861 ai
923 3807 1031 3864 mobilis
1050 3813 1176 3872 notium

71 3907 125 3961 per
159 3893 317 3966 ingenium
347 3892 407 3946 alii
426 3889 542 3946 tanaim·
561 3891 606 3948 ad
625 3892 819 3950 occidendum
838 3900 1021 3969 exposuerit,
1039 3908 1068 3956 ot
1089 3904 1177 3962 verbe

75 3977 105 4034 in
125 3978 274 4037 additione
296 3977 457 4036 Wulemari
476 3977 513 4034 ad
534 3979 576 4035 tit.
597 3978 642 4036 112
663 3983 691 4037 si
710 3983 861 4054 quierem
879 3987 940 4042 atti
965 3986 1010 4044 ad
1036 3992 1179 4064 auferen-

76 4066 150 4126 dum
181 4069 363 4142 eepoocertr.
404 4066 556 4125 Hominem
586 4067 638 4142 qui
666 4068 723 4125 tale
752 4070 844 4130 aeolus
863 4081 968 4148 patrat,
988 4078 1176 4154 expositorem

77 4161 169 4216 textus
189 4167 285 4216 noster
305 4156 384 4214 dioit.
424 4155 558 4234 liuoange
578 4165 676 4214 nostro
696 4158 725 4214 in
746 4159 817 4236 logis
836 4161 897 4219 looo
916 4183 1062 4240 exponere
1080 4171 1177 4228 homi.

80 4265 143 4305 uem
173 4248 219 4306 od
247 4248 441 4306 occidendum
471 4247 640 4310 illustrarit:
671 4250 800 4321 aliquem
830 4252 1006 4320 edaciorem,
1026 4267 1061 4316 ut
1077 4262 1176 4318 alitem
