3098 5176
508 361 579 414 LEX
605 366 809 417 salmonum.
1142 380 1232 430 xxxt

277 565 319 631 ad
343 587 413 652 cap.
439 567 498 630 21:
523 569 609 636 Ioco
632 571 834 638 Louboclmm
859 585 886 640 ot
918 576 1071 644 Wcaarom
1094 582 1237 649 domium

319 673 400 736 servi
432 693 493 735 coc
527 674 624 754 iuret,
658 677 714 743 scd
749 691 911 763 componat
949 703 1018 746 cam
1057 707 1094 750 oc
1119 689 1147 752 si
1168 689 1235 774 ipso

321 798 391 841 curn
414 778 577 844 occidisset.

179 983 291 1051 Verba
325 983 473 1063 laudata,
509 1008 593 1072 quae
629 988 725 1056 titulo
760 993 864 1080 primo
892 994 973 1084 legis
997 999 1235 1085 antiquissimae

129 1088 175 1154 ad
209 1088 348 1155 Frisiam
382 1089 519 1156 mediam
553 1093 727 1179 pertinenti
762 1097 883 1165 inserta
920 1112 1013 1182 sunt,
1037 1127 1075 1170 ac
1098 1106 1140 1172 de
1163 1109 1234 1176 iure

129 1193 256 1260 Frisiae
287 1193 450 1260 orientalis
474 1207 506 1261 et
529 1195 733 1266 occidentalis
757 1203 952 1290 loquuntur,
975 1218 1120 1297 tempore
1143 1210 1236 1280 addi·

130 1300 228 1365 tionis
260 1322 329 1366 esse
362 1311 532 1386 concepta,
565 1327 606 1368 ex
638 1302 723 1372 dicto
747 1309 821 1375 lrooc
850 1323 894 1376 ost
914 1314 1029 1400 simplo
1060 1322 1235 1404 compositio

130 1404 276 1470 coniicio.
323 1404 484 1492 Tempore
514 1406 594 1496 legis
630 1412 868 1498 antiquissimae
901 1466 920 1499 „
946 1419 1079 1507 simplae
1103 1445 1233 1512 compo-

130 1509 279 1576 sitiones''
307 1511 387 1576 iuris
419 1523 509 1578 erant
539 1514 573 1580 in
605 1513 728 1596 Frisia3
762 1518 924 1590 additione
948 1524 1028 1613 legis
1052 1531 1235 1615 compositi-

129 1637 209 1682 ones
244 1615 395 1701 antiquae
430 1626 506 1681 sunt
540 1617 736 1706 triplicatae,
772 1634 804 1689 et
836 1626 943 1694 verbis
966 1629 1123 1717 principio
1147 1634 1235 1702 tituli

130 1721 227 1808 primi
262 1721 448 1806 antepositis
483 1722 557 1788 ioco
590 1736 634 1792 ost
667 1728 782 1813 simplo
816 1735 992 1818 compositio
1023 1739 1233 1823 exprimitur,

131 1827 377 1912 compositiones
408 1827 441 1892 in
472 1826 568 1894 titulo
601 1831 705 1916 primo
730 1833 925 1916 nominatas,
950 1839 1035 1925 ipsas
1058 1865 1128 1910 esse
1152 1847 1234 1915 anti-

132 1953 214 2018 quas
250 1953 289 1996 ac
323 1930 413 1995 nullo
449 1931 544 1996 modo
580 1946 738 2016 mutatas,
771 1962 857 2026 quae
880 1954 986 2009 autem
1010 1946 1044 2011 in
1067 1951 1160 2035 praxi
1184 1962 1234 2018 ter

131 2039 197 2103 sint
220 2033 394 2102 sumendae
418 2058 459 2100 ex
481 2037 552 2102 iure
576 2042 763 2108 recentiore.
810 2044 985 2134 Tempore,
1009 2075 1074 2138 quo
1096 2040 1152 2122 leri
1176 2081 1233 2123 an·

131 2143 288 2230 quissima
310 2140 438 2207 condita
461 2152 527 2220 est,
551 2144 689 2231 scriptor
712 2148 819 2215 verbis
842 2155 955 2240 simplo
979 2163 1156 2245 compositio
1184 2167 1233 2232 uti

132 2271 197 2314 non
229 2247 402 2335 potuisset,
434 2246 524 2312 nulla
547 2250 633 2314 enim
657 2255 842 2340 compositio
866 2259 1078 2348 multiplicata
1101 2267 1134 2332 in
1159 2265 1233 2335 Fri·

130 2354 182 2418 sia
204 2362 274 2417 erat
296 2352 433 2440 cognita
480 2347 680 2420 Sententiam
704 2356 898 2444 disputatam
919 2365 964 2452 de
988 2377 1145 2455 tempore,
1167 2397 1233 2460 quo

133 2456 235 2524 verba
272 2456 404 2522 laudata
441 2454 506 2543 legi
545 2457 608 2523 sint
648 2461 773 2542 addita,
814 2465 942 2533 firmant
979 2494 1074 2538 voces
1110 2479 1233 2545 danorii

131 2585 229 2629 aoooo
250 2573 404 2640 monetae,
427 2560 468 2626 da
493 2561 611 2647 quibus
635 2565 779 2650 conferas
805 2570 889 2638 infra
915 2597 947 2660 p.
970 2575 1154 2650 XXXIX.

180 2667 380 2732 Additioaom
402 2669 575 2753 sapientam
597 2673 774 2754 posteriore
797 2684 942 2762 tempore
964 2678 1027 2768 legi
1047 2684 1232 2757 Frisionum

132 2772 327 2859 adscriptam
362 2793 448 2850 esse,
484 2771 579 2858 longe
616 2774 748 2860 plurimi
783 2796 1025 2865 concesserunt,
1051 2790 1106 2874 qui
1131 2792 1172 2858 de
1194 2820 1233 2862 ea

132 2878 348 2964 scripserunt,
372 2899 411 2941 ac
433 2899 484 2942 res
506 2876 553 2942 ita
575 2879 742 2946 manifesta
766 2894 813 2949 est
836 2897 869 2951 et
892 2888 1039 2974 plurimis
1062 2896 1234 2968 additionis

133 2981 416 3049 constitutionibus
446 2983 589 3064 firmata,
620 2995 658 3050 ut
681 2987 802 3058 nullam
826 2991 902 3058 mihi
921 2993 1158 3072 ¹dubitationem
1182 3031 1234 3076 re·

134 3090 269 3174 linquat

183 3191 371 3281 Capitulum
398 3192 441 3257 10
463 3191 551 3258 tituli
575 3193 717 3283 111ogis
740 3197 922 3271 Frisiorum
946 3212 1122 3293 posteriore
1153 3227 1235 3288 tem·

134 3322 215 3388 pore
250 3299 314 3386 legi
350 3296 495 3363 additum
519 3321 556 3363 eo
580 3299 753 3384 probatur,
778 3308 864 3391 quod
888 3318 1143 3404 superscriptum
1166 3337 1236 3394 est:

135 3407 227 3471 Haeo
265 3405 460 3470 Wclomorus
489 3405 629 3485 addidit,
661 3417 693 3472 et
724 3407 935 3480 Wnlemarus
966 3422 1136 3493 maximam
1159 3453 1234 3516 par.

136 3523 202 3576 tem
226 3508 397 3575 additionis
419 3508 599 3594 sapientum
623 3509 689 3597 legi
712 3510 837 3580 adiecit.

183 3614 295 3682 Verba
329 3613 457 3678 tandem
492 3610 586 3678 titulo
610 3615 713 3700 primo
736 3616 816 3706 legis
839 3621 958 3690 inserta
982 3634 1132 3715 temporis
1159 3660 1234 3725 pos·

133 3721 262 3788 terioris
293 3741 363 3785 esse
394 3741 493 3804 quam
516 3718 622 3806 legem
646 3723 915 3809 antiquissimam,
938 3740 1134 3819 argumentis
1157 3744 1237 3831 ipsis

133 3825 383 3904 demonstratur,
407 3845 491 3910 qnae
515 3823 608 3890 attuli
632 3848 670 3892 eo
694 3829 825 3896 oonsilio
849 3846 886 3898 ut
910 3835 1120 3926 ostenderem,
1136 3847 1238 3921 verba

135 3931 256 3997 inserta
280 3929 393 3997 eodem
417 3939 560 4014 tempore
584 3931 703 4018 scripta
727 3957 796 4002 esse
820 3961 884 4023 quo
909 3942 1029 4011 additio
1050 3951 1240 4037 sapientum.

184 4034 250 4102 Sed
275 4036 338 4101 iam
362 4034 437 4099 satis
461 4032 563 4098 multa
587 4032 626 4099 de
650 4035 711 4101 hac
734 4052 827 4124 parte
849 4046 1065 4131 capitulorum
1090 4058 1142 4124 vel
1167 4084 1242 4129 ver·

136 4141 253 4208 borum
284 4140 522 4227 antiquissimae
555 4139 622 4230 legi
646 4139 846 4227 additornm,
870 4171 966 4238 quam
992 4161 1117 4228 tertiam
1142 4169 1243 4236 totins
