<?xml version="1.0" encoding="UTF-8"?>
<!DOCTYPE html PUBLIC "-//W3C//DTD XHTML 1.0 Transitional//EN"
    "http://www.w3.org/TR/xhtml1/DTD/xhtml1-transitional.dtd">
<html xmlns="http://www.w3.org/1999/xhtml" xml:lang="en" lang="en">
 <head>
  <title>
</title>
<meta http-equiv="Content-Type" content="text/html;charset=utf-8" />
  <meta name='ocr-system' content='tesseract 3.04.00' />
  <meta name='ocr-capabilities' content='ocr_page ocr_carea ocr_par ocr_line ocrx_word'/>
</head>
<body>
  <div class='ocr_page' id='page_1' title='image "./delexfrisionumu00unkngoog_0051.png"; bbox 0 0 3098 5176; ppageno 0'>
   <div class='ocr_carea' id='block_1_1' title="bbox 317 412 1015 470">
    <p class='ocr_par' dir='ltr' id='par_1_1' title="bbox 317 412 1015 470">
     <span class='ocr_line' id='line_1_1' title="bbox 317 412 1015 470; baseline -0.006 -2"><span class='ocrx_word' id='word_1_1' title='bbox 317 421 392 470; x_wconf 83' lang='lat' dir='ltr'><strong>xun</strong></span> <span class='ocrx_word' id='word_1_2' title='bbox 717 415 789 463; x_wconf 71' lang='lat' dir='ltr'><strong>LEX</strong></span> <span class='ocrx_word' id='word_1_3' title='bbox 809 412 1015 464; x_wconf 62' lang='lat' dir='ltr'><strong>antemnam.</strong></span> 
     </span>
    </p>
   </div>
   <div class='ocr_carea' id='block_1_2' title="bbox 317 617 1505 1138">
    <p class='ocr_par' dir='ltr' id='par_1_2' title="bbox 317 558 1507 1196">
     <span class='ocr_line' id='line_1_2' title="bbox 321 617 1427 710; baseline -0.008 -17"><span class='ocrx_word' id='word_1_4' title='bbox 321 626 421 693; x_wconf 80' lang='lat' dir='ltr'><strong>ditem</strong></span> <span class='ocrx_word' id='word_1_5' title='bbox 453 645 539 702; x_wconf 84' lang='lat' dir='ltr'><strong>esse,</strong></span> <span class='ocrx_word' id='word_1_6' title='bbox 570 632 726 710; x_wconf 79' lang='lat' dir='ltr'><strong>regnante</strong></span> <span class='ocrx_word' id='word_1_7' title='bbox 750 618 874 686; x_wconf 87' lang='lat' dir='ltr'><strong>Karolo</strong></span> <span class='ocrx_word' id='word_1_8' title='bbox 899 617 1050 686; x_wconf 85' lang='lat' dir='ltr'><strong>Martello</strong></span> <span class='ocrx_word' id='word_1_9' title='bbox 1073 621 1197 686; x_wconf 84' lang='lat' dir='ltr'><strong>victore</strong></span> <span class='ocrx_word' id='word_1_10' title='bbox 1220 619 1427 698; x_wconf 57' lang='lat' dir='ltr'><strong>Minimum,</strong></span> 
     </span>
     <span class='ocr_line' id='line_1_3' title="bbox 321 725 1428 814; baseline -0.008 -16"><span class='ocrx_word' id='word_1_11' title='bbox 321 733 375 798; x_wconf 87' lang='lat' dir='ltr'><strong>vel</strong></span> <span class='ocrx_word' id='word_1_12' title='bbox 411 729 552 797; x_wconf 85' lang='lat' dir='ltr'><strong>eiusdem</strong></span> <span class='ocrx_word' id='word_1_13' title='bbox 587 729 654 794; x_wconf 90' lang='lat' dir='ltr'><strong>filio</strong></span> <span class='ocrx_word' id='word_1_14' title='bbox 689 727 829 813; x_wconf 89' lang='lat' dir='ltr'><strong>Pippino</strong></span> <span class='ocrx_word' id='word_1_15' title='bbox 866 747 959 813; x_wconf 86' lang='lat' dir='ltr'><strong>nege;</strong></span> <span class='ocrx_word' id='word_1_16' title='bbox 993 748 1099 812; x_wconf 86' lang='lat' dir='ltr'><strong>neque</strong></span> <span class='ocrx_word' id='word_1_17' title='bbox 1132 726 1296 814; x_wconf 86' lang='lat' dir='ltr'><strong>cognitum</strong></span> <span class='ocrx_word' id='word_1_18' title='bbox 1322 725 1428 791; x_wconf 85' lang='lat' dir='ltr'><strong>habeo</strong></span> 
     </span>
     <span class='ocr_line' id='line_1_4' title="bbox 321 825 1505 926; baseline -0.01 -21"><span class='ocrx_word' id='word_1_19' title='bbox 321 847 558 926; x_wconf 78' lang='lat' dir='ltr'><strong>argumentum,</strong></span> <span class='ocrx_word' id='word_1_20' title='bbox 583 859 648 920; x_wconf 90' lang='lat' dir='ltr'><strong>quo</strong></span> <span class='ocrx_word' id='word_1_21' title='bbox 673 832 909 898; x_wconf 72' lang='lat' dir='ltr'><strong>demonstretur</strong></span> <span class='ocrx_word' id='word_1_22' title='bbox 931 831 1035 922; x_wconf 79' lang='lat' dir='ltr'><strong>legem</strong></span> <span class='ocrx_word' id='word_1_23' title='bbox 1057 833 1311 919; x_wconf 71' lang='lat' dir='ltr'><strong>antiquissimam</strong></span> <span class='ocrx_word' id='word_1_24' title='bbox 1327 829 1428 896; x_wconf 83' lang='lat' dir='ltr'><strong>huius</strong></span> <span class='ocrx_word' id='word_1_25' title='bbox 1504 825 1505 830; x_wconf 63' lang='grc'>’</span> 
     </span>
     <span class='ocr_line' id='line_1_5' title="bbox 321 937 1429 1029; baseline -0.009 -18"><span class='ocrx_word' id='word_1_26' title='bbox 321 967 386 1010; x_wconf 88' lang='lat' dir='ltr'><strong>non</strong></span> <span class='ocrx_word' id='word_1_27' title='bbox 410 967 478 1010; x_wconf 88' lang='lat' dir='ltr'><strong>esse</strong></span> <span class='ocrx_word' id='word_1_28' title='bbox 503 942 672 1029; x_wconf 88' lang='lat' dir='ltr'><strong>temporis,</strong></span> <span class='ocrx_word' id='word_1_29' title='bbox 696 941 759 1005; x_wconf 88' lang='lat' dir='ltr'><strong>imo</strong></span> <span class='ocrx_word' id='word_1_30' title='bbox 784 937 920 1003; x_wconf 89' lang='lat' dir='ltr'><strong>iudicem</strong></span> <span class='ocrx_word' id='word_1_31' title='bbox 945 939 1049 1004; x_wconf 86' lang='lat' dir='ltr'><strong>omnia</strong></span> <span class='ocrx_word' id='word_1_32' title='bbox 1070 939 1201 1004; x_wconf 86' lang='lat' dir='ltr'><strong>omnino</strong></span> <span class='ocrx_word' id='word_1_33' title='bbox 1225 959 1309 1024; x_wconf 82' lang='lat' dir='ltr'><strong>qnae</strong></span> <span class='ocrx_word' id='word_1_34' title='bbox 1333 939 1366 1002; x_wconf 90' lang='lat' dir='ltr'><strong>in</strong></span> <span class='ocrx_word' id='word_1_35' title='bbox 1388 959 1429 1001; x_wconf 80' lang='lat' dir='ltr'><strong>ea</strong></span> 
     </span>
     <span class='ocr_line' id='line_1_6' title="bbox 317 1043 1076 1138; baseline -0.008 -24"><span class='ocrx_word' id='word_1_36' title='bbox 317 1049 490 1138; x_wconf 86' lang='lat' dir='ltr'><strong>leguntur,</strong></span> <span class='ocrx_word' id='word_1_37' title='bbox 514 1048 555 1113; x_wconf 84' lang='lat' dir='ltr'><strong>ab</strong></span> <span class='ocrx_word' id='word_1_38' title='bbox 579 1047 634 1111; x_wconf 87' lang='lat' dir='ltr'><strong>illa</strong></span> <span class='ocrx_word' id='word_1_39' title='bbox 659 1056 762 1110; x_wconf 85' lang='lat' dir='ltr'><strong>aetate</strong></span> <span class='ocrx_word' id='word_1_40' title='bbox 784 1067 849 1108; x_wconf 90' lang='lat' dir='ltr'><strong>non</strong></span> <span class='ocrx_word' id='word_1_41' title='bbox 870 1065 942 1108; x_wconf 85' lang='lat' dir='ltr'><strong>esse</strong></span> <span class='ocrx_word' id='word_1_42' title='bbox 962 1043 1076 1108; x_wconf 83' lang='lat' dir='ltr'><strong>aliena.</strong></span> 
     </span>
    </p>
   </div>
   <div class='ocr_carea' id='block_1_3' title="bbox 317 1253 1510 2708">
    <p class='ocr_par' dir='ltr' id='par_1_3' title="bbox 317 1226 1511 2708">
     <span class='ocr_line' id='line_1_7' title="bbox 369 1253 1428 1343; baseline -0.006 -19"><span class='ocrx_word' id='word_1_43' title='bbox 369 1255 416 1324; x_wconf 85' lang='grc' dir='ltr'><strong>ΙΙ.</strong></span> <span class='ocrx_word' id='word_1_44' title='bbox 464 1255 683 1323; x_wconf 84' lang='lat' dir='ltr'><strong>Secunda</strong></span> <span class='ocrx_word' id='word_1_45' title='bbox 720 1277 835 1343; x_wconf 86' lang='lat' dir='ltr'><strong>pare</strong></span> <span class='ocrx_word' id='word_1_46' title='bbox 875 1255 1058 1343; x_wconf 71' lang='lat' dir='ltr'><strong>legis-⁵⁰</strong></span> <span class='ocrx_word' id='word_1_47' title='bbox 1091 1256 1125 1320; x_wconf 90' lang='lat' dir='ltr'><strong>in</strong></span> <span class='ocrx_word' id='word_1_48' title='bbox 1164 1277 1260 1321; x_wconf 88' lang='lat' dir='ltr'><strong>usum</strong></span> <span class='ocrx_word' id='word_1_49' title='bbox 1299 1253 1428 1319; x_wconf 76' lang='lat' dir='ltr'><strong>Frisiae</strong></span> 
     </span>
     <span class='ocr_line' id='line_1_8' title="bbox 317 1360 1508 1441; baseline -0.004 -11"><span class='ocrx_word' id='word_1_50' title='bbox 317 1363 545 1441; x_wconf 82' lang='lat' dir='ltr'><strong>occidentalis,</strong></span> <span class='ocrx_word' id='word_1_51' title='bbox 579 1360 703 1428; x_wconf 87' lang='lat' dir='ltr'><strong>mediae</strong></span> <span class='ocrx_word' id='word_1_52' title='bbox 739 1371 771 1426; x_wconf 93' lang='lat' dir='ltr'><strong>et</strong></span> <span class='ocrx_word' id='word_1_53' title='bbox 808 1361 971 1426; x_wconf 83' lang='lat' dir='ltr'><strong>orientalis</strong></span> <span class='ocrx_word' id='word_1_54' title='bbox 1004 1361 1069 1426; x_wconf 91' lang='lat' dir='ltr'><strong>lata</strong></span> <span class='ocrx_word' id='word_1_55' title='bbox 1091 1371 1159 1438; x_wconf 86' lang='lat' dir='ltr'><strong>est3</strong></span> <span class='ocrx_word' id='word_1_56' title='bbox 1183 1361 1266 1427; x_wconf 91' lang='lat' dir='ltr'><strong>hanc</strong></span> <span class='ocrx_word' id='word_1_57' title='bbox 1290 1361 1332 1426; x_wconf 95' lang='lat' dir='ltr'><strong>ob</strong></span> <span class='ocrx_word' id='word_1_58' title='bbox 1357 1382 1426 1426; x_wconf 89' lang='lat' dir='ltr'><strong>rem</strong></span> <span class='ocrx_word' id='word_1_59' title='bbox 1507 1373 1508 1380; x_wconf 75' lang='grc'>’</span> 
     </span>
     <span class='ocr_line' id='line_1_9' title="bbox 322 1465 1427 1552; baseline -0.007 -14"><span class='ocrx_word' id='word_1_60' title='bbox 322 1483 446 1537; x_wconf 88' lang='lat' dir='ltr'><strong>eertum</strong></span> <span class='ocrx_word' id='word_1_61' title='bbox 482 1480 548 1548; x_wconf 86' lang='lat' dir='ltr'><strong>est,</strong></span> <span class='ocrx_word' id='word_1_62' title='bbox 582 1490 652 1532; x_wconf 86' lang='lat' dir='ltr'><strong>eam</strong></span> <span class='ocrx_word' id='word_1_63' title='bbox 683 1477 756 1552; x_wconf 86' lang='lat' dir='ltr'><strong>post</strong></span> <span class='ocrx_word' id='word_1_64' title='bbox 791 1487 911 1530; x_wconf 85' lang='lat' dir='ltr'><strong>annum</strong></span> <span class='ocrx_word' id='word_1_65' title='bbox 936 1467 1001 1531; x_wconf 25' lang='lat'><strong>7¹85</strong></span> <span class='ocrx_word' id='word_1_66' title='bbox 1023 1488 1096 1532; x_wconf 84' lang='lat' dir='ltr'><strong>esee</strong></span> <span class='ocrx_word' id='word_1_67' title='bbox 1119 1465 1333 1552; x_wconf 87' lang='lat' dir='ltr'><strong>publicatam,</strong></span> <span class='ocrx_word' id='word_1_68' title='bbox 1360 1489 1427 1552; x_wconf 89' lang='lat' dir='ltr'><strong>quo</strong></span> 
     </span>
     <span class='ocr_line' id='line_1_10' title="bbox 322 1569 1427 1658; baseline -0.004 -18"><span class='ocrx_word' id='word_1_69' title='bbox 322 1575 427 1642; x_wconf 83' lang='lat' dir='ltr'><strong>Frieia</strong></span> <span class='ocrx_word' id='word_1_70' title='bbox 462 1574 623 1640; x_wconf 83' lang='lat' dir='ltr'><strong>orientalis</strong></span> <span class='ocrx_word' id='word_1_71' title='bbox 658 1570 857 1637; x_wconf 80' lang='lat' dir='ltr'><strong>Francorum</strong></span> <span class='ocrx_word' id='word_1_72' title='bbox 892 1593 992 1658; x_wconf 84' lang='lat' dir='ltr'><strong>regno</strong></span> <span class='ocrx_word' id='word_1_73' title='bbox 1028 1572 1172 1638; x_wconf 83' lang='lat' dir='ltr'><strong>subiecta</strong></span> <span class='ocrx_word' id='word_1_74' title='bbox 1207 1583 1263 1636; x_wconf 85' lang='lat' dir='ltr'><strong>est.</strong></span> <span class='ocrx_word' id='word_1_75' title='bbox 1312 1569 1427 1652; x_wconf 80' lang='lat' dir='ltr'><strong>Quum</strong></span> 
     </span>
     <span class='ocr_line' id='line_1_11' title="bbox 321 1675 1510 1768; baseline -0.004 -22"><span class='ocrx_word' id='word_1_76' title='bbox 321 1704 399 1748; x_wconf 82' lang='lat' dir='ltr'><strong>vero</strong></span> <span class='ocrx_word' id='word_1_77' title='bbox 436 1681 469 1746; x_wconf 90' lang='lat' dir='ltr'><strong>in</strong></span> <span class='ocrx_word' id='word_1_78' title='bbox 504 1680 566 1745; x_wconf 88' lang='lat' dir='ltr'><strong>hac</strong></span> <span class='ocrx_word' id='word_1_79' title='bbox 603 1678 684 1768; x_wconf 85' lang='lat' dir='ltr'><strong>legis</strong></span> <span class='ocrx_word' id='word_1_80' title='bbox 711 1689 803 1766; x_wconf 86' lang='lat' dir='ltr'><strong>parte</strong></span> <span class='ocrx_word' id='word_1_81' title='bbox 826 1675 1043 1765; x_wconf 83' lang='lat' dir='ltr'><strong>weregeldum</strong></span> <span class='ocrx_word' id='word_1_82' title='bbox 1065 1679 1249 1744; x_wconf 86' lang='lat' dir='ltr'><strong>inveniatur</strong></span> <span class='ocrx_word' id='word_1_83' title='bbox 1270 1679 1305 1744; x_wconf 87' lang='lat' dir='ltr'><strong>in</strong></span> <span class='ocrx_word' id='word_1_84' title='bbox 1330 1700 1426 1742; x_wconf 85' lang='lat' dir='ltr'><strong>usum</strong></span> <span class='ocrx_word' id='word_1_85' title='bbox 1509 1707 1510 1710; x_wconf 40' lang='lat'>¹</span> 
     </span>
     <span class='ocr_line' id='line_1_12' title="bbox 322 1782 1427 1871; baseline -0.004 -18"><span class='ocrx_word' id='word_1_86' title='bbox 322 1787 447 1854; x_wconf 85' lang='lat' dir='ltr'><strong>Frisiae</strong></span> <span class='ocrx_word' id='word_1_87' title='bbox 469 1784 632 1851; x_wconf 85' lang='lat' dir='ltr'><strong>orientalis</strong></span> <span class='ocrx_word' id='word_1_88' title='bbox 654 1785 881 1863; x_wconf 83' lang='lat' dir='ltr'><strong>constitutum,</strong></span> <span class='ocrx_word' id='word_1_89' title='bbox 906 1805 1049 1850; x_wconf 77' lang='lat' dir='ltr'><strong>censeam</strong></span> <span class='ocrx_word' id='word_1_90' title='bbox 1073 1783 1232 1849; x_wconf 86' lang='lat' dir='ltr'><strong>Karolum</strong></span> <span class='ocrx_word' id='word_1_91' title='bbox 1264 1782 1427 1871; x_wconf 85' lang='lat' dir='ltr'><strong>Magnum</strong></span> 
     </span>
     <span class='ocr_line' id='line_1_13' title="bbox 322 1887 1429 1979; baseline -0.005 -20"><span class='ocrx_word' id='word_1_92' title='bbox 322 1895 392 1979; x_wconf 88' lang='lat' dir='ltr'><strong>ipso</strong></span> <span class='ocrx_word' id='word_1_93' title='bbox 416 1913 500 1957; x_wconf 79' lang='lat' dir='ltr'><strong>anno</strong></span> <span class='ocrx_word' id='word_1_94' title='bbox 526 1889 612 1968; x_wconf 72' lang='lat'><strong>785,</strong></span> <span class='ocrx_word' id='word_1_95' title='bbox 637 1888 781 1954; x_wconf 86' lang='lat' dir='ltr'><strong>subiecta</strong></span> <span class='ocrx_word' id='word_1_96' title='bbox 805 1887 910 1954; x_wconf 84' lang='lat' dir='ltr'><strong>Frisia</strong></span> <span class='ocrx_word' id='word_1_97' title='bbox 933 1889 1097 1968; x_wconf 84' lang='lat' dir='ltr'><strong>orientali,</strong></span> <span class='ocrx_word' id='word_1_98' title='bbox 1121 1887 1253 1954; x_wconf 88' lang='lat' dir='ltr'><strong>eandem</strong></span> <span class='ocrx_word' id='word_1_99' title='bbox 1281 1889 1429 1976; x_wconf 89' lang='lat' dir='ltr'><strong>promul·</strong></span> 
     </span>
     <span class='ocr_line' id='line_1_14' title="bbox 321 1994 1429 2086; baseline -0.005 -22"><span class='ocrx_word' id='word_1_100' title='bbox 321 2020 433 2086; x_wconf 84' lang='lat' dir='ltr'><strong>gaesa,</strong></span> <span class='ocrx_word' id='word_1_101' title='bbox 469 2018 534 2081; x_wconf 89' lang='lat' dir='ltr'><strong>quo</strong></span> <span class='ocrx_word' id='word_1_102' title='bbox 569 2007 675 2060; x_wconf 89' lang='lat' dir='ltr'><strong>terrae</strong></span> <span class='ocrx_word' id='word_1_103' title='bbox 711 2005 884 2080; x_wconf 80' lang='lat' dir='ltr'><strong>occupatae</strong></span> <span class='ocrx_word' id='word_1_104' title='bbox 919 1995 1134 2084; x_wconf 82' lang='lat' dir='ltr'><strong>weregeldum</strong></span> <span class='ocrx_word' id='word_1_105' title='bbox 1168 2017 1290 2061; x_wconf 81' lang='lat' dir='ltr'><strong>novum</strong></span> <span class='ocrx_word' id='word_1_106' title='bbox 1312 1994 1429 2059; x_wconf 82' lang='lat' dir='ltr'><strong>statuit</strong></span> 
     </span>
     <span class='ocr_line' id='line_1_15' title="bbox 319 2098 1429 2190; baseline -0.002 -24"><span class='ocrx_word' id='word_1_107' title='bbox 319 2101 412 2189; x_wconf 87' lang='lat' dir='ltr'><strong>quod</strong></span> <span class='ocrx_word' id='word_1_108' title='bbox 436 2123 591 2165; x_wconf 87' lang='lat' dir='ltr'><strong>summam</strong></span> <span class='ocrx_word' id='word_1_109' title='bbox 617 2098 778 2185; x_wconf 88' lang='lat' dir='ltr'><strong>duplicem</strong></span> <span class='ocrx_word' id='word_1_110' title='bbox 802 2100 953 2186; x_wconf 88' lang='lat' dir='ltr'><strong>explebat</strong></span> <span class='ocrx_word' id='word_1_111' title='bbox 976 2101 1150 2190; x_wconf 84' lang='lat' dir='ltr'><strong>weregeldi</strong></span> <span class='ocrx_word' id='word_1_112' title='bbox 1172 2101 1206 2165; x_wconf 92' lang='lat' dir='ltr'><strong>in</strong></span> <span class='ocrx_word' id='word_1_113' title='bbox 1229 2099 1337 2166; x_wconf 82' lang='lat' dir='ltr'><strong>Frisia</strong></span> <span class='ocrx_word' id='word_1_114' title='bbox 1361 2122 1429 2165; x_wconf 91' lang='lat' dir='ltr'><strong>me-</strong></span> 
     </span>
     <span class='ocr_line' id='line_1_16' title="bbox 322 2204 1428 2294; baseline -0.001 -23"><span class='ocrx_word' id='word_1_115' title='bbox 322 2205 377 2271; x_wconf 88' lang='lat' dir='ltr'><strong>dia</strong></span> <span class='ocrx_word' id='word_1_116' title='bbox 412 2229 450 2271; x_wconf 92' lang='lat' dir='ltr'><strong>eo</strong></span> <span class='ocrx_word' id='word_1_117' title='bbox 486 2227 589 2292; x_wconf 89' lang='lat' dir='ltr'><strong>usque</strong></span> <span class='ocrx_word' id='word_1_118' title='bbox 625 2204 743 2270; x_wconf 84' lang='lat' dir='ltr'><strong>usitati.</strong></span> <span class='ocrx_word' id='word_1_119' title='bbox 790 2204 937 2270; x_wconf 84' lang='lat' dir='ltr'><strong>Plurima</strong></span> <span class='ocrx_word' id='word_1_120' title='bbox 972 2205 1112 2292; x_wconf 88' lang='lat' dir='ltr'><strong>capitula</strong></span> <span class='ocrx_word' id='word_1_121' title='bbox 1142 2206 1243 2294; x_wconf 86' lang='lat' dir='ltr'><strong>partis</strong></span> <span class='ocrx_word' id='word_1_122' title='bbox 1266 2205 1428 2270; x_wconf 87' lang='lat' dir='ltr'><strong>secundae</strong></span> 
     </span>
     <span class='ocr_line' id='line_1_17' title="bbox 323 2307 1430 2400; baseline -0.006 -19"><span class='ocrx_word' id='word_1_123' title='bbox 323 2313 404 2400; x_wconf 86' lang='lat' dir='ltr'><strong>legis</strong></span> <span class='ocrx_word' id='word_1_124' title='bbox 441 2311 584 2378; x_wconf 84' lang='lat' dir='ltr'><strong>Frisicae</strong></span> <span class='ocrx_word' id='word_1_125' title='bbox 620 2307 661 2374; x_wconf 86' lang='lat' dir='ltr'><strong>ad</strong></span> <span class='ocrx_word' id='word_1_126' title='bbox 697 2308 833 2375; x_wconf 84' lang='lat' dir='ltr'><strong>Frieiam</strong></span> <span class='ocrx_word' id='word_1_127' title='bbox 866 2309 1051 2376; x_wconf 86' lang='lat' dir='ltr'><strong>orientalem</strong></span> <span class='ocrx_word' id='word_1_128' title='bbox 1072 2312 1249 2398; x_wconf 82' lang='lat' dir='ltr'><strong>pertinent,</strong></span> <span class='ocrx_word' id='word_1_129' title='bbox 1272 2309 1430 2375; x_wconf 85' lang='lat' dir='ltr'><strong>nonnulla</strong></span> 
     </span>
     <span class='ocr_line' id='line_1_18' title="bbox 323 2415 1431 2500; baseline -0.005 -15"><span class='ocrx_word' id='word_1_130' title='bbox 323 2419 434 2486; x_wconf 85' lang='lat' dir='ltr'><strong>addita</strong></span> <span class='ocrx_word' id='word_1_131' title='bbox 466 2427 559 2496; x_wconf 89' lang='lat' dir='ltr'><strong>sunt,</strong></span> <span class='ocrx_word' id='word_1_132' title='bbox 592 2416 710 2500; x_wconf 86' lang='lat' dir='ltr'><strong>quibus</strong></span> <span class='ocrx_word' id='word_1_133' title='bbox 735 2417 785 2482; x_wconf 89' lang='lat' dir='ltr'><strong>ins</strong></span> <span class='ocrx_word' id='word_1_134' title='bbox 808 2415 933 2482; x_wconf 82' lang='lat' dir='ltr'><strong>Frisiae</strong></span> <span class='ocrx_word' id='word_1_135' title='bbox 954 2416 1136 2483; x_wconf 84' lang='lat' dir='ltr'><strong>mediaest</strong></span> <span class='ocrx_word' id='word_1_136' title='bbox 1159 2416 1431 2484; x_wconf 80' lang='lat' dir='ltr'><strong>occidentalis-ex</strong></span> 
     </span>
     <span class='ocr_line' id='line_1_19' title="bbox 324 2521 1430 2612; baseline -0.003 -22"><span class='ocrx_word' id='word_1_137' title='bbox 324 2526 429 2590; x_wconf 86' lang='lat' dir='ltr'><strong>animo</strong></span> <span class='ocrx_word' id='word_1_138' title='bbox 461 2523 545 2588; x_wconf 88' lang='lat' dir='ltr'><strong>illius</strong></span> <span class='ocrx_word' id='word_1_139' title='bbox 579 2523 691 2586; x_wconf 87' lang='lat' dir='ltr'><strong>aetatis</strong></span> <span class='ocrx_word' id='word_1_140' title='bbox 723 2521 963 2601; x_wconf 79' lang='lat' dir='ltr'><strong>emendaretur,</strong></span> <span class='ocrx_word' id='word_1_141' title='bbox 993 2523 1083 2590; x_wconf 87' lang='lat' dir='ltr'><strong>verbi</strong></span> <span class='ocrx_word' id='word_1_142' title='bbox 1116 2524 1220 2612; x_wconf 86' lang='lat' dir='ltr'><strong>gratia</strong></span> <span class='ocrx_word' id='word_1_143' title='bbox 1243 2523 1430 2589; x_wconf 83' lang='lat' dir='ltr'><strong>constitutio</strong></span> 
     </span>
     <span class='ocr_line' id='line_1_20' title="bbox 325 2627 1431 2708; baseline -0.001 -13"><span class='ocrx_word' id='word_1_144' title='bbox 325 2630 365 2695; x_wconf 87' lang='lat' dir='ltr'><strong>de</strong></span> <span class='ocrx_word' id='word_1_145' title='bbox 395 2627 523 2694; x_wconf 83' lang='lat' dir='ltr'><strong>mulctis</strong></span> <span class='ocrx_word' id='word_1_146' title='bbox 544 2627 776 2692; x_wconf 90' lang='lat' dir='ltr'><strong>nonnullorum</strong></span> <span class='ocrx_word' id='word_1_147' title='bbox 801 2627 973 2694; x_wconf 88' lang='lat' dir='ltr'><strong>criminum</strong></span> <span class='ocrx_word' id='word_1_148' title='bbox 994 2630 1106 2694; x_wconf 85' lang='lat' dir='ltr'><strong>novies</strong></span> <span class='ocrx_word' id='word_1_149' title='bbox 1130 2628 1307 2708; x_wconf 85' lang='lat' dir='ltr'><strong>solvendis,</strong></span> <span class='ocrx_word' id='word_1_150' title='bbox 1331 2640 1364 2694; x_wconf 87' lang='lat' dir='ltr'><strong>et</strong></span> <span class='ocrx_word' id='word_1_151' title='bbox 1388 2627 1431 2694; x_wconf 85' lang='lat' dir='ltr'><strong>de</strong></span> 
     </span>
    </p>
   </div>
   <div class='ocr_carea' id='block_1_4' title="bbox 320 2731 1430 2907">
    <p class='ocr_par' dir='ltr' id='par_1_4' title="bbox 320 2731 1430 2907">
     <span class='ocr_line' id='line_1_21' title="bbox 320 2731 1430 2821; baseline -0.003 -19"><span class='ocrx_word' id='word_1_152' title='bbox 320 2737 425 2802; x_wconf 91' lang='lat' dir='ltr'><strong>banno</strong></span> <span class='ocrx_word' id='word_1_153' title='bbox 441 2733 531 2821; x_wconf 85' lang='lat' dir='ltr'><strong>regio</strong></span> <span class='ocrx_word' id='word_1_154' title='bbox 550 2733 594 2799; x_wconf 81' lang='lat'><strong>60</strong></span> <span class='ocrx_word' id='word_1_155' title='bbox 619 2731 794 2798; x_wconf 83' lang='lat' dir='ltr'><strong>solidorum</strong></span> <span class='ocrx_word' id='word_1_156' title='bbox 819 2733 985 2815; x_wconf 81' lang='lat' dir='ltr'><strong>solvendo,</strong></span> <span class='ocrx_word' id='word_1_157' title='bbox 1001 2732 1075 2800; x_wconf 87' lang='lat' dir='ltr'><strong>vide</strong></span> <span class='ocrx_word' id='word_1_158' title='bbox 1100 2755 1197 2821; x_wconf 87' lang='lat' dir='ltr'><strong>supra</strong></span> <span class='ocrx_word' id='word_1_159' title='bbox 1213 2757 1244 2820; x_wconf 92' lang='lat' dir='ltr'><strong>p.</strong></span> <span class='ocrx_word' id='word_1_160' title='bbox 1260 2731 1430 2800; x_wconf 87' lang='lat' dir='ltr'>XXXIV</span> 
     </span>
     <span class='ocr_line' id='line_1_22' title="bbox 324 2837 537 2907; baseline -0.014 0"><span class='ocrx_word' id='word_1_161' title='bbox 324 2854 357 2907; x_wconf 86' lang='lat' dir='ltr'><strong>et</strong></span> <span class='ocrx_word' id='word_1_162' title='bbox 379 2837 537 2906; x_wconf 78' lang='lat' dir='ltr'>XXXV.</span> 
     </span>
    </p>
   </div>
   <div class='ocr_carea' id='block_1_5' title="bbox 272 3046 1435 4090">
    <p class='ocr_par' dir='ltr' id='par_1_5' title="bbox 272 3046 1435 4090">
     <span class='ocr_line' id='line_1_23' title="bbox 289 3046 1432 3138; baseline 0.001 -23"><span class='ocrx_word' id='word_1_163' title='bbox 289 3121 293 3131; x_wconf 20' lang='lat'>⁸</span> <span class='ocrx_word' id='word_1_164' title='bbox 373 3049 439 3115; x_wconf 85' lang='lat' dir='ltr'><strong>III.</strong></span> <span class='ocrx_word' id='word_1_165' title='bbox 487 3046 696 3116; x_wconf 81' lang='lat' dir='ltr'><strong>Additio</strong></span> <span class='ocrx_word' id='word_1_166' title='bbox 732 3049 859 3138; x_wconf 84' lang='lat' dir='ltr'><strong>legis</strong></span> <span class='ocrx_word' id='word_1_167' title='bbox 896 3049 1169 3117; x_wconf 70' lang='lat' dir='ltr'><strong>Frisionum</strong></span> <span class='ocrx_word' id='word_1_168' title='bbox 1206 3073 1246 3117; x_wconf 84' lang='lat' dir='ltr'><strong>ex</strong></span> <span class='ocrx_word' id='word_1_169' title='bbox 1276 3073 1348 3117; x_wconf 89' lang='lat' dir='ltr'><strong>meo</strong></span> <span class='ocrx_word' id='word_1_170' title='bbox 1380 3052 1432 3116; x_wconf 86' lang='lat' dir='ltr'><strong>iu·</strong></span> 
     </span>
     <span class='ocr_line' id='line_1_24' title="bbox 290 3151 1432 3242; baseline -0.004 -17"><span class='ocrx_word' id='word_1_171' title='bbox 290 3216 294 3225; x_wconf 89' lang='lat'><em>.</em></span> <span class='ocrx_word' id='word_1_172' title='bbox 327 3156 410 3222; x_wconf 84' lang='lat' dir='ltr'><strong>dicio</strong></span> <span class='ocrx_word' id='word_1_173' title='bbox 445 3151 575 3220; x_wconf 88' lang='lat' dir='ltr'><strong>condita</strong></span> <span class='ocrx_word' id='word_1_174' title='bbox 610 3165 659 3219; x_wconf 88' lang='lat' dir='ltr'><strong>est</strong></span> <span class='ocrx_word' id='word_1_175' title='bbox 694 3176 778 3219; x_wconf 91' lang='lat' dir='ltr'><strong>anno</strong></span> <span class='ocrx_word' id='word_1_176' title='bbox 811 3156 897 3234; x_wconf 79' lang='lat'><strong>802,</strong></span> <span class='ocrx_word' id='word_1_177' title='bbox 920 3165 1018 3242; x_wconf 87' lang='lat' dir='ltr'><strong>atque</strong></span> <span class='ocrx_word' id='word_1_178' title='bbox 1040 3157 1125 3223; x_wconf 91' lang='lat' dir='ltr'><strong>idem</strong></span> <span class='ocrx_word' id='word_1_179' title='bbox 1149 3179 1261 3224; x_wconf 86' lang='lat' dir='ltr'><strong>censeo</strong></span> <span class='ocrx_word' id='word_1_180' title='bbox 1287 3157 1328 3223; x_wconf 92' lang='lat' dir='ltr'><strong>de</strong></span> <span class='ocrx_word' id='word_1_181' title='bbox 1352 3179 1432 3222; x_wconf 89' lang='lat' dir='ltr'><strong>non·</strong></span> 
     </span>
     <span class='ocr_line' id='line_1_25' title="bbox 288 3248 1431 3352; baseline 0.001 -24"><span class='ocrx_word' id='word_1_182' title='bbox 288 3248 295 3291; x_wconf 66' lang='lat'><em>²</em></span> <span class='ocrx_word' id='word_1_183' title='bbox 327 3260 423 3328; x_wconf 88' lang='lat' dir='ltr'><strong>nullis</strong></span> <span class='ocrx_word' id='word_1_184' title='bbox 463 3259 571 3325; x_wconf 86' lang='lat' dir='ltr'><strong>verbis</strong></span> <span class='ocrx_word' id='word_1_185' title='bbox 611 3259 714 3325; x_wconf 86' lang='lat' dir='ltr'><strong>titulis</strong></span> <span class='ocrx_word' id='word_1_186' title='bbox 749 3260 852 3346; x_wconf 84' lang='lat' dir='ltr'><strong>primo</strong></span> <span class='ocrx_word' id='word_1_187' title='bbox 888 3271 921 3326; x_wconf 91' lang='lat' dir='ltr'><strong>et</strong></span> <span class='ocrx_word' id='word_1_188' title='bbox 956 3260 1096 3328; x_wconf 89' lang='lat' dir='ltr'><strong>secundo</strong></span> <span class='ocrx_word' id='word_1_189' title='bbox 1131 3263 1211 3352; x_wconf 88' lang='lat' dir='ltr'><strong>legis</strong></span> <span class='ocrx_word' id='word_1_190' title='bbox 1246 3262 1431 3329; x_wconf 78' lang='lat' dir='ltr'><strong>Frisionum</strong></span> 
     </span>
     <span class='ocr_line' id='line_1_26' title="bbox 295 3363 1431 3451; baseline 0.001 -20"><span class='ocrx_word' id='word_1_191' title='bbox 295 3433 299 3445; x_wconf 73' lang='lat'>‚</span> <span class='ocrx_word' id='word_1_192' title='bbox 324 3364 471 3445; x_wconf 85' lang='lat' dir='ltr'><strong>insertis,</strong></span> <span class='ocrx_word' id='word_1_193' title='bbox 494 3386 596 3450; x_wconf 88' lang='lat' dir='ltr'><strong>quae,</strong></span> <span class='ocrx_word' id='word_1_194' title='bbox 620 3374 781 3451; x_wconf 90' lang='lat' dir='ltr'><strong>utsupra</strong></span> <span class='ocrx_word' id='word_1_195' title='bbox 805 3387 836 3450; x_wconf 91' lang='lat' dir='ltr'><strong>p.</strong></span> <span class='ocrx_word' id='word_1_196' title='bbox 862 3363 996 3431; x_wconf 88' lang='lat' dir='ltr'>XXXI</span> <span class='ocrx_word' id='word_1_197' title='bbox 1019 3365 1202 3447; x_wconf 80' lang='lat' dir='ltr'><strong>illustravi,</strong></span> <span class='ocrx_word' id='word_1_198' title='bbox 1227 3366 1269 3433; x_wconf 91' lang='lat' dir='ltr'><strong>ad</strong></span> <span class='ocrx_word' id='word_1_199' title='bbox 1292 3367 1431 3434; x_wconf 88' lang='lat' dir='ltr'><strong>Additio</strong></span> 
     </span>
     <span class='ocr_line' id='line_1_27' title="bbox 293 3469 834 3559; baseline 0 -23"><span class='ocrx_word' id='word_1_200' title='bbox 293 3487 299 3529; x_wconf 83' lang='grc' dir='ltr'>ἰ</span> <span class='ocrx_word' id='word_1_201' title='bbox 326 3494 398 3538; x_wconf 89' lang='lat' dir='ltr'><strong>nem</strong></span> <span class='ocrx_word' id='word_1_202' title='bbox 421 3469 502 3559; x_wconf 86' lang='lat' dir='ltr'><strong>legis</strong></span> <span class='ocrx_word' id='word_1_203' title='bbox 525 3473 589 3535; x_wconf 82' lang='lat' dir='ltr'><strong>sint</strong></span> <span class='ocrx_word' id='word_1_204' title='bbox 611 3470 834 3557; x_wconf 84' lang='lat' dir='ltr'><strong>computanda.</strong></span> 
     </span>
     <span class='ocr_line' id='line_1_28' title="bbox 374 3574 1432 3665; baseline 0.004 -20.719"><span class='ocrx_word' id='word_1_205' title='bbox 374 3574 645 3658; x_wconf 88' lang='lat' dir='ltr'><strong>Constitutiones,</strong></span> <span class='ocrx_word' id='word_1_206' title='bbox 678 3599 758 3664; x_wconf 87' lang='lat' dir='ltr'><strong>quas</strong></span> <span class='ocrx_word' id='word_1_207' title='bbox 793 3578 847 3644; x_wconf 87' lang='lat' dir='ltr'><strong>lex</strong></span> <span class='ocrx_word' id='word_1_208' title='bbox 872 3577 1057 3646; x_wconf 81' lang='lat' dir='ltr'><strong>Frisionum</strong></span> <span class='ocrx_word' id='word_1_209' title='bbox 1080 3579 1355 3665; x_wconf 71' lang='lat' dir='ltr'><strong>antiquissimam</strong></span> <span class='ocrx_word' id='word_1_210' title='bbox 1379 3605 1432 3648; x_wconf 90' lang='lat' dir='ltr'><strong>ca-</strong></span> 
     </span>
     <span class='ocr_line' id='line_1_29' title="bbox 272 3683 1432 3771; baseline 0.007 -24"><span class='ocrx_word' id='word_1_211' title='bbox 272 3735 278 3747; x_wconf 87' lang='lat'>.</span> <span class='ocrx_word' id='word_1_212' title='bbox 327 3684 432 3771; x_wconf 86' lang='lat' dir='ltr'><strong>pitula</strong></span> <span class='ocrx_word' id='word_1_213' title='bbox 467 3683 514 3761; x_wconf 89' lang='lat' dir='ltr'><strong>ei,</strong></span> <span class='ocrx_word' id='word_1_214' title='bbox 550 3694 589 3748; x_wconf 87' lang='lat' dir='ltr'><strong>ut</strong></span> <span class='ocrx_word' id='word_1_215' title='bbox 622 3694 752 3769; x_wconf 89' lang='lat' dir='ltr'><strong>putem,</strong></span> <span class='ocrx_word' id='word_1_216' title='bbox 781 3705 864 3748; x_wconf 88' lang='lat' dir='ltr'><strong>anno</strong></span> <span class='ocrx_word' id='word_1_217' title='bbox 892 3687 910 3748; x_wconf 79' lang='lat'>7</span> <span class='ocrx_word' id='word_1_218' title='bbox 915 3684 958 3749; x_wconf 85' lang='grc'><strong>85</strong></span> <span class='ocrx_word' id='word_1_219' title='bbox 984 3684 1123 3763; x_wconf 89' lang='lat' dir='ltr'><strong>adiecta,</strong></span> <span class='ocrx_word' id='word_1_220' title='bbox 1147 3684 1188 3750; x_wconf 92' lang='lat' dir='ltr'><strong>de</strong></span> <span class='ocrx_word' id='word_1_221' title='bbox 1211 3687 1283 3753; x_wconf 88' lang='lat' dir='ltr'><strong>iure</strong></span> <span class='ocrx_word' id='word_1_222' title='bbox 1306 3685 1432 3755; x_wconf 82' lang='lat' dir='ltr'><strong>Frisico</strong></span> 
     </span>
     <span class='ocr_line' id='line_1_30' title="bbox 323 3785 1432 3874; baseline 0.006 -21"><span class='ocrx_word' id='word_1_223' title='bbox 323 3786 554 3864; x_wconf 89' lang='lat' dir='ltr'><strong>condiderant,</strong></span> <span class='ocrx_word' id='word_1_224' title='bbox 590 3785 769 3852; x_wconf 85' lang='lat' dir='ltr'><strong>Additione</strong></span> <span class='ocrx_word' id='word_1_225' title='bbox 804 3787 884 3874; x_wconf 83' lang='lat' dir='ltr'><strong>legis</strong></span> <span class='ocrx_word' id='word_1_226' title='bbox 921 3788 1104 3857; x_wconf 77' lang='lat' dir='ltr'><strong>Frisiorum</strong></span> <span class='ocrx_word' id='word_1_227' title='bbox 1139 3792 1248 3858; x_wconf 84' lang='lat' dir='ltr'><strong>multis</strong></span> <span class='ocrx_word' id='word_1_228' title='bbox 1284 3791 1317 3858; x_wconf 87' lang='lat' dir='ltr'><strong>in</strong></span> <span class='ocrx_word' id='word_1_229' title='bbox 1353 3793 1432 3860; x_wconf 86' lang='lat' dir='ltr'><strong>locis</strong></span> 
     </span>
     <span class='ocr_line' id='line_1_31' title="bbox 294 3889 1435 3978; baseline 0.005 -21"><span class='ocrx_word' id='word_1_230' title='bbox 294 3892 300 3957; x_wconf 73' lang='grc' dir='ltr'>ἔ</span> <span class='ocrx_word' id='word_1_231' title='bbox 329 3903 404 3958; x_wconf 86' lang='lat' dir='ltr'><strong>sunt</strong></span> <span class='ocrx_word' id='word_1_232' title='bbox 439 3889 643 3972; x_wconf 87' lang='lat' dir='ltr'><strong>emendatae,</strong></span> <span class='ocrx_word' id='word_1_233' title='bbox 678 3901 712 3956; x_wconf 91' lang='lat' dir='ltr'><strong>et</strong></span> <span class='ocrx_word' id='word_1_234' title='bbox 739 3891 873 3978; x_wconf 86' lang='lat' dir='ltr'><strong>quidem</strong></span> <span class='ocrx_word' id='word_1_235' title='bbox 907 3916 945 3960; x_wconf 87' lang='lat' dir='ltr'><strong>ea</strong></span> <span class='ocrx_word' id='word_1_236' title='bbox 968 3896 1108 3976; x_wconf 87' lang='lat' dir='ltr'><strong>ratione,</strong></span> <span class='ocrx_word' id='word_1_237' title='bbox 1132 3909 1170 3962; x_wconf 89' lang='lat' dir='ltr'><strong>nt</strong></span> <span class='ocrx_word' id='word_1_238' title='bbox 1193 3897 1234 3963; x_wconf 86' lang='lat' dir='ltr'><strong>eit</strong></span> <span class='ocrx_word' id='word_1_239' title='bbox 1255 3899 1307 3963; x_wconf 88' lang='lat' dir='ltr'><strong>ins</strong></span> <span class='ocrx_word' id='word_1_240' title='bbox 1331 3895 1435 3964; x_wconf 83' lang='lat' dir='ltr'><strong>Frisi-</strong></span> 
     </span>
     <span class='ocr_line' id='line_1_32' title="bbox 297 3984 1434 4090; baseline 0.007 -29"><span class='ocrx_word' id='word_1_241' title='bbox 297 3984 405 4083; x_wconf 57' lang='lat' dir='ltr'><strong>[oum</strong></span> <span class='ocrx_word' id='word_1_242' title='bbox 428 3997 597 4083; x_wconf 86' lang='lat' dir='ltr'><strong>antiqu-um</strong></span> <span class='ocrx_word' id='word_1_243' title='bbox 622 3993 800 4063; x_wconf 84' lang='lat' dir='ltr'><strong>Additione</strong></span> <span class='ocrx_word' id='word_1_244' title='bbox 824 3995 1014 4087; x_wconf 75' lang='lat' dir='ltr'><strong>Sapientem</strong></span> <span class='ocrx_word' id='word_1_245' title='bbox 1031 4004 1238 4090; x_wconf 75' lang='lat' dir='ltr'><strong>systematice</strong></span> <span class='ocrx_word' id='word_1_246' title='bbox 1262 4003 1354 4090; x_wconf 88' lang='lat' dir='ltr'><strong>quasi</strong></span> <span class='ocrx_word' id='word_1_247' title='bbox 1383 4027 1434 4068; x_wconf 91' lang='lat' dir='ltr'><strong>re·</strong></span> 
     </span>
    </p>
   </div>
   <div class='ocr_carea' id='block_1_6' title="bbox 306 4139 482 4163">
    <p class='ocr_par' dir='ltr' id='par_1_6' title="bbox 306 4139 482 4163">
     <span class='ocr_line' id='line_1_33' title="bbox 306 4139 482 4163; baseline 0 -8"><span class='ocrx_word' id='word_1_248' title='bbox 306 4139 482 4163; x_wconf 58' lang='lat'><strong>7--1—-1</strong></span> 
     </span>
    </p>
   </div>
   <div class='ocr_carea' id='block_1_7' title="bbox 361 4236 1433 4310">
    <p class='ocr_par' dir='ltr' id='par_1_7' title="bbox 361 4236 1433 4310">
     <span class='ocr_line' id='line_1_34' title="bbox 361 4236 1433 4310; baseline 0.006 -22"><span class='ocrx_word' id='word_1_249' title='bbox 361 4244 393 4288; x_wconf 79' lang='lat'><strong>50</strong></span> <span class='ocrx_word' id='word_1_250' title='bbox 428 4236 516 4288; x_wconf 77' lang='lat' dir='ltr'><strong>uoco·</strong></span> <span class='ocrx_word' id='word_1_251' title='bbox 533 4237 599 4300; x_wconf 71' lang='lat' dir='ltr'><strong>legia</strong></span> <span class='ocrx_word' id='word_1_252' title='bbox 616 4252 681 4301; x_wconf 82' lang='lat' dir='ltr'><strong>quor</strong></span> <span class='ocrx_word' id='word_1_253' title='bbox 698 4240 828 4290; x_wconf 75' lang='lat' dir='ltr'><strong>secundae</strong></span> <span class='ocrx_word' id='word_1_254' title='bbox 838 4241 952 4292; x_wconf 72' lang='lat' dir='ltr'><strong>eiusdem</strong></span> <span class='ocrx_word' id='word_1_255' title='bbox 959 4245 1029 4306; x_wconf 82' lang='lat' dir='ltr'><strong>peni</strong></span> <span class='ocrx_word' id='word_1_256' title='bbox 1043 4243 1194 4308; x_wconf 81' lang='lat' dir='ltr'><strong>adscribam,</strong></span> <span class='ocrx_word' id='word_1_257' title='bbox 1208 4245 1265 4295; x_wconf 79' lang='lat' dir='ltr'><strong>ride</strong></span> <span class='ocrx_word' id='word_1_258' title='bbox 1277 4259 1302 4310; x_wconf 85' lang='lat' dir='ltr'><strong>p.</strong></span> <span class='ocrx_word' id='word_1_259' title='bbox 1314 4245 1433 4296; x_wconf 78' lang='lat' dir='ltr'><strong>xxm</strong></span> 
     </span>
    </p>
   </div>
   <div class='ocr_carea' id='block_1_8' title="bbox 0 0 1561 5176">
    <p class='ocr_par' dir='ltr' id='par_1_8' title="bbox 0 0 1561 5176">
     <span class='ocr_line' id='line_1_35' title="bbox 0 0 1561 5176; baseline 0 0"><span class='ocrx_word' id='word_1_260' title='bbox 0 0 1561 5176; x_wconf 95' lang='lat' dir='ltr'><strong> </strong></span> 
     </span>
    </p>
   </div>
  </div>
 </body>
</html>
