<?xml version="1.0" encoding="UTF-8"?>
<!DOCTYPE html PUBLIC "-//W3C//DTD XHTML 1.0 Transitional//EN"
    "http://www.w3.org/TR/xhtml1/DTD/xhtml1-transitional.dtd">
<html xmlns="http://www.w3.org/1999/xhtml" xml:lang="en" lang="en">
 <head>
  <title>
</title>
<meta http-equiv="Content-Type" content="text/html;charset=utf-8" />
  <meta name='ocr-system' content='tesseract 3.04.00' />
  <meta name='ocr-capabilities' content='ocr_page ocr_carea ocr_par ocr_line ocrx_word'/>
</head>
<body>
  <div class='ocr_page' id='page_1' title='image "./delexfrisionumu00unkngoog/delexfrisionumu00unkngoog_0012.png"; bbox 0 0 3098 5176; ppageno 0'>
   <div class='ocr_carea' id='block_1_1' title="bbox 452 441 1235 494">
    <p class='ocr_par' dir='ltr' id='par_1_1' title="bbox 452 441 1235 494">
     <span class='ocr_line' id='line_1_1' title="bbox 452 441 1235 494; baseline -0.005 0"><span class='ocrx_word' id='word_1_1' title='bbox 452 463 456 472; x_wconf 85' lang='grc'><em>’</em></span> <span class='ocrx_word' id='word_1_2' title='bbox 532 447 603 494; x_wconf 78' lang='lat' dir='ltr'>Lux</span> <span class='ocrx_word' id='word_1_3' title='bbox 623 443 830 494; x_wconf 67' lang='lat' dir='ltr'>salmonum.</span> <span class='ocrx_word' id='word_1_4' title='bbox 1193 441 1235 487; x_wconf 87' lang='lat' dir='ltr'>Ill</span> 
     </span>
    </p>
   </div>
   <div class='ocr_carea' id='block_1_2' title="bbox 121 646 1230 2608">
    <p class='ocr_par' dir='ltr' id='par_1_2' title="bbox 121 646 1230 2608">
     <span class='ocr_line' id='line_1_2' title="bbox 124 646 1230 740; baseline -0.005 -23"><span class='ocrx_word' id='word_1_5' title='bbox 124 652 340 740; x_wconf 88' lang='lat' dir='ltr'>capitulorum</span> <span class='ocrx_word' id='word_1_6' title='bbox 372 651 591 737; x_wconf 82' lang='lat' dir='ltr'>singulorum,</span> <span class='ocrx_word' id='word_1_7' title='bbox 625 647 742 734; x_wconf 92' lang='lat' dir='ltr'>quibus</span> <span class='ocrx_word' id='word_1_8' title='bbox 774 648 827 712; x_wconf 88' lang='lat' dir='ltr'>lex</span> <span class='ocrx_word' id='word_1_9' title='bbox 858 646 927 732; x_wconf 90' lang='lat' dir='ltr'>ipsa</span> <span class='ocrx_word' id='word_1_10' title='bbox 959 655 1006 711; x_wconf 89' lang='lat' dir='ltr'>est</span> <span class='ocrx_word' id='word_1_11' title='bbox 1039 647 1230 732; x_wconf 84' lang='lat' dir='ltr'>composita,</span> 
     </span>
     <span class='ocr_line' id='line_1_3' title="bbox 123 751 1227 841; baseline -0.004 -19"><span class='ocrx_word' id='word_1_12' title='bbox 123 767 223 841; x_wconf 85' lang='lat' dir='ltr'>atque</span> <span class='ocrx_word' id='word_1_13' title='bbox 254 779 363 822; x_wconf 89' lang='lat' dir='ltr'>omnes</span> <span class='ocrx_word' id='word_1_14' title='bbox 394 756 555 841; x_wconf 84' lang='lat' dir='ltr'>scrupuli,</span> <span class='ocrx_word' id='word_1_15' title='bbox 592 777 673 840; x_wconf 89' lang='lat' dir='ltr'>quos</span> <span class='ocrx_word' id='word_1_16' title='bbox 705 752 875 838; x_wconf 82' lang='lat' dir='ltr'><strong>scriptores</strong></span> <span class='ocrx_word' id='word_1_17' title='bbox 898 751 1045 816; x_wconf 88' lang='lat' dir='ltr'>nonnulli</span> <span class='ocrx_word' id='word_1_18' title='bbox 1067 751 1132 840; x_wconf 86' lang='lat' dir='ltr'>legi</span> <span class='ocrx_word' id='word_1_19' title='bbox 1155 753 1227 818; x_wconf 88' lang='lat' dir='ltr'>inii·</span> 
     </span>
     <span class='ocr_line' id='line_1_4' title="bbox 124 856 1227 949; baseline -0.003 -22"><span class='ocrx_word' id='word_1_20' title='bbox 124 864 227 941; x_wconf 77' lang='lat' dir='ltr'>ciant,</span> <span class='ocrx_word' id='word_1_21' title='bbox 250 884 383 949; x_wconf 90' lang='lat' dir='ltr'>prorsus</span> <span class='ocrx_word' id='word_1_22' title='bbox 406 885 446 926; x_wconf 89' lang='lat' dir='ltr'>ex</span> <span class='ocrx_word' id='word_1_23' title='bbox 470 862 574 926; x_wconf 80' lang='lat' dir='ltr'>animo</span> <span class='ocrx_word' id='word_1_24' title='bbox 598 859 796 936; x_wconf 87' lang='lat' dir='ltr'>evelluntur,</span> <span class='ocrx_word' id='word_1_25' title='bbox 820 856 1061 922; x_wconf 79' lang='lat' dir='ltr'>constitutiones</span> <span class='ocrx_word' id='word_1_26' title='bbox 1084 858 1227 944; x_wconf 84' lang='lat' dir='ltr'>singulas</span> 
     </span>
     <span class='ocr_line' id='line_1_5' title="bbox 122 961 1227 1054; baseline 0 -24"><span class='ocrx_word' id='word_1_27' title='bbox 122 967 206 1054; x_wconf 86' lang='lat' dir='ltr'>legis</span> <span class='ocrx_word' id='word_1_28' title='bbox 237 967 429 1034; x_wconf 81' lang='lat' dir='ltr'>conferendo</span> <span class='ocrx_word' id='word_1_29' title='bbox 460 989 534 1031; x_wconf 90' lang='lat' dir='ltr'>cum</span> <span class='ocrx_word' id='word_1_30' title='bbox 565 965 692 1053; x_wconf 88' lang='lat' dir='ltr'>legibus</span> <span class='ocrx_word' id='word_1_31' title='bbox 723 963 946 1030; x_wconf 77' lang='lat' dir='ltr'>vetustissimis</span> <span class='ocrx_word' id='word_1_32' title='bbox 977 963 1112 1028; x_wconf 82' lang='lat' dir='ltr'>aliorum</span> <span class='ocrx_word' id='word_1_33' title='bbox 1141 961 1227 1030; x_wconf 86' lang='lat' dir='ltr'>Ger·</span> 
     </span>
     <span class='ocr_line' id='line_1_6' title="bbox 122 1066 1225 1159; baseline -0.002 -23"><span class='ocrx_word' id='word_1_34' title='bbox 122 1072 247 1136; x_wconf 86' lang='lat' dir='ltr'>maniae</span> <span class='ocrx_word' id='word_1_35' title='bbox 270 1072 485 1159; x_wconf 89' lang='lat' dir='ltr'>populorum,</span> <span class='ocrx_word' id='word_1_36' title='bbox 508 1081 542 1137; x_wconf 89' lang='lat' dir='ltr'>et</span> <span class='ocrx_word' id='word_1_37' title='bbox 565 1093 639 1136; x_wconf 89' lang='lat' dir='ltr'>cum</span> <span class='ocrx_word' id='word_1_38' title='bbox 662 1069 701 1134; x_wconf 88' lang='lat' dir='ltr'>iis</span> <span class='ocrx_word' id='word_1_39' title='bbox 725 1089 819 1154; x_wconf 86' lang='lat' dir='ltr'>quae</span> <span class='ocrx_word' id='word_1_40' title='bbox 833 1066 961 1132; x_wconf 84' lang='lat' dir='ltr'>saeculo</span> <span class='ocrx_word' id='word_1_41' title='bbox 985 1067 1106 1133; x_wconf 89' lang='lat' dir='ltr'>decimo</span> <span class='ocrx_word' id='word_1_42' title='bbox 1132 1068 1225 1134; x_wconf 88' lang='lat' dir='ltr'>tertio</span> 
     </span>
     <span class='ocr_line' id='line_1_7' title="bbox 122 1170 1226 1262; baseline 0 -22"><span class='ocrx_word' id='word_1_43' title='bbox 122 1186 158 1240; x_wconf 88' lang='lat' dir='ltr'>et</span> <span class='ocrx_word' id='word_1_44' title='bbox 189 1174 311 1242; x_wconf 87' lang='lat' dir='ltr'>decimo</span> <span class='ocrx_word' id='word_1_45' title='bbox 336 1187 451 1262; x_wconf 90' lang='lat' dir='ltr'>quarto</span> <span class='ocrx_word' id='word_1_46' title='bbox 474 1177 508 1241; x_wconf 95' lang='lat' dir='ltr'>in</span> <span class='ocrx_word' id='word_1_47' title='bbox 532 1174 639 1242; x_wconf 82' lang='lat' dir='ltr'>Frisia</span> <span class='ocrx_word' id='word_1_48' title='bbox 662 1187 738 1241; x_wconf 89' lang='lat' dir='ltr'>sunt</span> <span class='ocrx_word' id='word_1_49' title='bbox 762 1175 899 1261; x_wconf 79' lang='lat' dir='ltr'>scriptae</span> <span class='ocrx_word' id='word_1_50' title='bbox 917 1177 942 1236; x_wconf 83' lang='lat'>⁴.</span> <span class='ocrx_word' id='word_1_51' title='bbox 989 1170 1125 1240; x_wconf 81' lang='lat' dir='ltr'>Certum</span> <span class='ocrx_word' id='word_1_52' title='bbox 1147 1174 1226 1240; x_wconf 92' lang='lat' dir='ltr'>mihi</span> 
     </span>
     <span class='ocr_line' id='line_1_8' title="bbox 123 1278 1226 1371; baseline 0.001 -26"><span class='ocrx_word' id='word_1_53' title='bbox 123 1290 189 1358; x_wconf 91' lang='lat' dir='ltr'>est,</span> <span class='ocrx_word' id='word_1_54' title='bbox 214 1282 337 1348; x_wconf 92' lang='lat' dir='ltr'>nullum</span> <span class='ocrx_word' id='word_1_55' title='bbox 362 1281 521 1348; x_wconf 89' lang='lat' dir='ltr'>hominem</span> <span class='ocrx_word' id='word_1_56' title='bbox 545 1291 649 1348; x_wconf 83' lang='lat' dir='ltr'>aetate</span> <span class='ocrx_word' id='word_1_57' title='bbox 673 1278 888 1357; x_wconf 88' lang='lat' dir='ltr'>Heroldiana,</span> <span class='ocrx_word' id='word_1_58' title='bbox 916 1301 956 1344; x_wconf 88' lang='lat' dir='ltr'>ne</span> <span class='ocrx_word' id='word_1_59' title='bbox 979 1278 1084 1344; x_wconf 86' lang='lat' dir='ltr'>dicam</span> <span class='ocrx_word' id='word_1_60' title='bbox 1107 1291 1226 1371; x_wconf 80' lang='lat' dir='ltr'>nostra,</span> 
     </span>
     <span class='ocr_line' id='line_1_9' title="bbox 122 1383 1228 1473; baseline 0.003 -23"><span class='ocrx_word' id='word_1_61' title='bbox 122 1385 258 1465; x_wconf 85' lang='lat' dir='ltr'>vixisse,</span> <span class='ocrx_word' id='word_1_62' title='bbox 290 1387 346 1472; x_wconf 91' lang='lat' dir='ltr'>qui</span> <span class='ocrx_word' id='word_1_63' title='bbox 378 1387 516 1452; x_wconf 89' lang='lat' dir='ltr'>scribere</span> <span class='ocrx_word' id='word_1_64' title='bbox 545 1390 687 1473; x_wconf 90' lang='lat' dir='ltr'>potuerit</span> <span class='ocrx_word' id='word_1_65' title='bbox 717 1385 823 1473; x_wconf 84' lang='lat' dir='ltr'>legem</span> <span class='ocrx_word' id='word_1_66' title='bbox 846 1383 1029 1450; x_wconf 83' lang='lat' dir='ltr'>Frisionum</span> <span class='ocrx_word' id='word_1_67' title='bbox 1054 1384 1228 1452; x_wconf 86' lang='lat' dir='ltr'>Heroldia·</span> 
     </span>
     <span class='ocr_line' id='line_1_10' title="bbox 122 1489 1227 1579; baseline 0 -24"><span class='ocrx_word' id='word_1_68' title='bbox 122 1513 215 1571; x_wconf 84' lang='lat' dir='ltr'>nam,</span> <span class='ocrx_word' id='word_1_69' title='bbox 251 1492 343 1557; x_wconf 89' lang='lat' dir='ltr'>cuius</span> <span class='ocrx_word' id='word_1_70' title='bbox 378 1493 440 1558; x_wconf 89' lang='lat' dir='ltr'>loci</span> <span class='ocrx_word' id='word_1_71' title='bbox 476 1492 607 1579; x_wconf 90' lang='lat' dir='ltr'>plurimi</span> <span class='ocrx_word' id='word_1_72' title='bbox 643 1491 815 1557; x_wconf 87' lang='lat' dir='ltr'>ostendunt</span> <span class='ocrx_word' id='word_1_73' title='bbox 851 1500 883 1556; x_wconf 92' lang='lat' dir='ltr'>et</span> <span class='ocrx_word' id='word_1_74' title='bbox 918 1489 1074 1577; x_wconf 84' lang='lat' dir='ltr'>originem</span> <span class='ocrx_word' id='word_1_75' title='bbox 1108 1491 1227 1556; x_wconf 88' lang='lat' dir='ltr'>saeculi</span> 
     </span>
     <span class='ocr_line' id='line_1_11' title="bbox 122 1595 1227 1684; baseline 0 -22"><span class='ocrx_word' id='word_1_76' title='bbox 122 1597 230 1662; x_wconf 86' lang='lat' dir='ltr'>octavi</span> <span class='ocrx_word' id='word_1_77' title='bbox 261 1608 293 1662; x_wconf 88' lang='lat' dir='ltr'>et</span> <span class='ocrx_word' id='word_1_78' title='bbox 321 1619 510 1662; x_wconf 89' lang='lat' dir='ltr'>consensum</span> <span class='ocrx_word' id='word_1_79' title='bbox 534 1597 642 1684; x_wconf 85' lang='lat' dir='ltr'>legum</span> <span class='ocrx_word' id='word_1_80' title='bbox 666 1595 789 1661; x_wconf 85' lang='lat' dir='ltr'>Frisiae</span> <span class='ocrx_word' id='word_1_81' title='bbox 812 1595 1027 1662; x_wconf 82' lang='lat' dir='ltr'>recentiorum</span> <span class='ocrx_word' id='word_1_82' title='bbox 1050 1617 1227 1682; x_wconf 79' lang='lat' dir='ltr'>numquam</span> 
     </span>
     <span class='ocr_line' id='line_1_12' title="bbox 122 1700 1226 1787; baseline 0 -21"><span class='ocrx_word' id='word_1_83' title='bbox 122 1700 230 1766; x_wconf 87' lang='lat' dir='ltr'>adhuc</span> <span class='ocrx_word' id='word_1_84' title='bbox 260 1703 472 1768; x_wconf 88' lang='lat' dir='ltr'>enucleatum.</span> <span class='ocrx_word' id='word_1_85' title='bbox 518 1701 592 1766; x_wconf 92' lang='lat' dir='ltr'>Non</span> <span class='ocrx_word' id='word_1_86' title='bbox 625 1724 676 1766; x_wconf 87' lang='lat' dir='ltr'>me</span> <span class='ocrx_word' id='word_1_87' title='bbox 699 1701 870 1787; x_wconf 84' lang='lat' dir='ltr'>praeterit,</span> <span class='ocrx_word' id='word_1_88' title='bbox 906 1701 1015 1786; x_wconf 89' lang='lat' dir='ltr'>plures</span> <span class='ocrx_word' id='word_1_89' title='bbox 1038 1701 1148 1786; x_wconf 83' lang='lat' dir='ltr'>lapsus</span> <span class='ocrx_word' id='word_1_90' title='bbox 1172 1722 1226 1766; x_wconf 88' lang='lat' dir='ltr'>co·</span> 
     </span>
     <span class='ocr_line' id='line_1_13' title="bbox 123 1805 1225 1893; baseline -0.002 -21"><span class='ocrx_word' id='word_1_91' title='bbox 123 1805 227 1872; x_wconf 84' lang='lat' dir='ltr'>dicem</span> <span class='ocrx_word' id='word_1_92' title='bbox 258 1806 424 1872; x_wconf 83' lang='lat' dir='ltr'>scribentis</span> <span class='ocrx_word' id='word_1_93' title='bbox 457 1807 510 1871; x_wconf 89' lang='lat' dir='ltr'>vel</span> <span class='ocrx_word' id='word_1_94' title='bbox 547 1828 672 1872; x_wconf 88' lang='lat' dir='ltr'>errores</span> <span class='ocrx_word' id='word_1_95' title='bbox 695 1805 947 1892; x_wconf 85' lang='lat' dir='ltr'>typographicos</span> <span class='ocrx_word' id='word_1_96' title='bbox 970 1806 1003 1870; x_wconf 92' lang='lat' dir='ltr'>in</span> <span class='ocrx_word' id='word_1_97' title='bbox 1027 1815 1120 1872; x_wconf 85' lang='lat' dir='ltr'>textu</span> <span class='ocrx_word' id='word_1_98' title='bbox 1143 1805 1225 1893; x_wconf 87' lang='lat' dir='ltr'>legis</span> 
     </span>
     <span class='ocr_line' id='line_1_14' title="bbox 122 1907 1226 1998; baseline 0.002 -22"><span class='ocrx_word' id='word_1_99' title='bbox 122 1907 341 1978; x_wconf 86' lang='lat' dir='ltr'>Heroldianae</span> <span class='ocrx_word' id='word_1_100' title='bbox 373 1934 458 1991; x_wconf 90' lang='lat' dir='ltr'>esse,</span> <span class='ocrx_word' id='word_1_101' title='bbox 495 1934 575 1997; x_wconf 89' lang='lat' dir='ltr'>quos</span> <span class='ocrx_word' id='word_1_102' title='bbox 600 1912 812 1998; x_wconf 88' lang='lat' dir='ltr'>percipimus,</span> <span class='ocrx_word' id='word_1_103' title='bbox 848 1911 1106 1990; x_wconf 87' lang='lat' dir='ltr'>constitutiones,</span> <span class='ocrx_word' id='word_1_104' title='bbox 1141 1933 1226 1998; x_wconf 83' lang='lat' dir='ltr'>quae</span> 
     </span>
     <span class='ocr_line' id='line_1_15' title="bbox 121 2016 1225 2105; baseline 0 -23"><span class='ocrx_word' id='word_1_105' title='bbox 121 2016 284 2082; x_wconf 90' lang='lat' dir='ltr'>habentur</span> <span class='ocrx_word' id='word_1_106' title='bbox 314 2018 347 2082; x_wconf 91' lang='lat' dir='ltr'>in</span> <span class='ocrx_word' id='word_1_107' title='bbox 379 2017 514 2105; x_wconf 85' lang='lat' dir='ltr'>singulis</span> <span class='ocrx_word' id='word_1_108' title='bbox 542 2017 691 2102; x_wconf 85' lang='lat' dir='ltr'>capitulis</span> <span class='ocrx_word' id='word_1_109' title='bbox 715 2016 811 2104; x_wconf 86' lang='lat' dir='ltr'>legis,</span> <span class='ocrx_word' id='word_1_110' title='bbox 847 2016 1061 2103; x_wconf 83' lang='lat' dir='ltr'>comparando</span> <span class='ocrx_word' id='word_1_111' title='bbox 1083 2016 1168 2082; x_wconf 87' lang='lat' dir='ltr'>inter</span> <span class='ocrx_word' id='word_1_112' title='bbox 1191 2039 1225 2082; x_wconf 89' lang='lat' dir='ltr'>se</span> 
     </span>
     <span class='ocr_line' id='line_1_16' title="bbox 122 2120 1225 2208; baseline 0.002 -22"><span class='ocrx_word' id='word_1_113' title='bbox 122 2132 180 2186; x_wconf 84' lang='lat' dir='ltr'>ant</span> <span class='ocrx_word' id='word_1_114' title='bbox 212 2143 285 2188; x_wconf 88' lang='lat' dir='ltr'>cum</span> <span class='ocrx_word' id='word_1_115' title='bbox 316 2123 355 2188; x_wconf 88' lang='lat' dir='ltr'>iis</span> <span class='ocrx_word' id='word_1_116' title='bbox 363 2144 380 2202; x_wconf 57' lang='lat'>,⁸</span> <span class='ocrx_word' id='word_1_117' title='bbox 408 2145 493 2208; x_wconf 87' lang='lat' dir='ltr'>quae</span> <span class='ocrx_word' id='word_1_118' title='bbox 524 2122 615 2187; x_wconf 89' lang='lat' dir='ltr'>nobis</span> <span class='ocrx_word' id='word_1_119' title='bbox 639 2132 814 2187; x_wconf 90' lang='lat' dir='ltr'>occurrunt</span> <span class='ocrx_word' id='word_1_120' title='bbox 837 2122 870 2188; x_wconf 90' lang='lat' dir='ltr'>in</span> <span class='ocrx_word' id='word_1_121' title='bbox 894 2122 965 2188; x_wconf 88' lang='lat' dir='ltr'>aliis</span> <span class='ocrx_word' id='word_1_122' title='bbox 988 2122 1116 2208; x_wconf 83' lang='lat' dir='ltr'>legibus</span> <span class='ocrx_word' id='word_1_123' title='bbox 1139 2120 1225 2190; x_wconf 84' lang='lat' dir='ltr'>Ger·</span> 
     </span>
     <span class='ocr_line' id='line_1_17' title="bbox 121 2225 1228 2304; baseline 0.002 -14"><span class='ocrx_word' id='word_1_124' title='bbox 121 2227 246 2292; x_wconf 85' lang='lat' dir='ltr'>maniae</span> <span class='ocrx_word' id='word_1_125' title='bbox 278 2227 500 2292; x_wconf 87' lang='lat' dir='ltr'>vetustissimis</span> <span class='ocrx_word' id='word_1_126' title='bbox 534 2237 567 2292; x_wconf 87' lang='lat' dir='ltr'>et</span> <span class='ocrx_word' id='word_1_127' title='bbox 599 2227 688 2293; x_wconf 91' lang='lat' dir='ltr'>libris</span> <span class='ocrx_word' id='word_1_128' title='bbox 718 2227 798 2292; x_wconf 90' lang='lat' dir='ltr'>iuris</span> <span class='ocrx_word' id='word_1_129' title='bbox 828 2225 945 2292; x_wconf 81' lang='lat' dir='ltr'>Frisici</span> <span class='ocrx_word' id='word_1_130' title='bbox 975 2228 1228 2304; x_wconf 87' lang='lat' dir='ltr'>recentioribus;</span> 
     </span>
     <span class='ocr_line' id='line_1_18' title="bbox 122 2330 1224 2420; baseline 0.004 -25"><span class='ocrx_word' id='word_1_131' title='bbox 122 2330 195 2396; x_wconf 88' lang='lat' dir='ltr'>dico</span> <span class='ocrx_word' id='word_1_132' title='bbox 226 2342 335 2396; x_wconf 86' lang='lat' dir='ltr'>autem</span> <span class='ocrx_word' id='word_1_133' title='bbox 366 2354 490 2397; x_wconf 85' lang='lat' dir='ltr'>errores</span> <span class='ocrx_word' id='word_1_134' title='bbox 521 2332 592 2397; x_wconf 90' lang='lat' dir='ltr'>illos</span> <span class='ocrx_word' id='word_1_135' title='bbox 623 2331 688 2398; x_wconf 87' lang='lat' dir='ltr'>vim</span> <span class='ocrx_word' id='word_1_136' title='bbox 720 2342 753 2398; x_wconf 93' lang='lat' dir='ltr'>et</span> <span class='ocrx_word' id='word_1_137' title='bbox 784 2332 1007 2398; x_wconf 86' lang='lat' dir='ltr'>auctoritatem</span> <span class='ocrx_word' id='word_1_138' title='bbox 1029 2332 1111 2420; x_wconf 84' lang='lat' dir='ltr'>legis</span> <span class='ocrx_word' id='word_1_139' title='bbox 1134 2334 1224 2400; x_wconf 93' lang='lat' dir='ltr'>nullo</span> 
     </span>
     <span class='ocr_line' id='line_1_19' title="bbox 121 2435 1224 2522; baseline 0 -20"><span class='ocrx_word' id='word_1_140' title='bbox 121 2435 217 2502; x_wconf 88' lang='lat' dir='ltr'>modo</span> <span class='ocrx_word' id='word_1_141' title='bbox 241 2437 428 2515; x_wconf 88' lang='lat' dir='ltr'>diminuere,</span> <span class='ocrx_word' id='word_1_142' title='bbox 450 2460 551 2522; x_wconf 92' lang='lat' dir='ltr'>quum</span> <span class='ocrx_word' id='word_1_143' title='bbox 566 2435 787 2502; x_wconf 83' lang='lat' dir='ltr'>emendatione</span> <span class='ocrx_word' id='word_1_144' title='bbox 803 2437 982 2502; x_wconf 88' lang='lat' dir='ltr'>litterarum</span> <span class='ocrx_word' id='word_1_145' title='bbox 997 2438 1224 2504; x_wconf 89' lang='lat' dir='ltr'>nonnullarum</span> 
     </span>
     <span class='ocr_line' id='line_1_20' title="bbox 122 2539 402 2608; baseline 0 -2"><span class='ocrx_word' id='word_1_146' title='bbox 122 2542 186 2606; x_wconf 89' lang='lat' dir='ltr'>sint</span> <span class='ocrx_word' id='word_1_147' title='bbox 208 2539 402 2608; x_wconf 88' lang='lat' dir='ltr'>removendi.</span> 
     </span>
    </p>
   </div>
   <div class='ocr_carea' id='block_1_3' title="bbox 121 2646 1225 3242">
    <p class='ocr_par' dir='ltr' id='par_1_3' title="bbox 121 2646 1225 3242">
     <span class='ocr_line' id='line_1_21' title="bbox 168 2646 1222 2736; baseline 0.005 -26"><span class='ocrx_word' id='word_1_148' title='bbox 168 2646 216 2711; x_wconf 89' lang='grc' dir='ltr'>ΙΙ.</span> <span class='ocrx_word' id='word_1_149' title='bbox 262 2646 406 2711; x_wconf 82' lang='lat' dir='ltr'>Fines</span> <span class='ocrx_word' id='word_1_150' title='bbox 438 2658 688 2726; x_wconf 83' lang='lat' dir='ltr'>terrarum,</span> <span class='ocrx_word' id='word_1_151' title='bbox 720 2668 916 2731; x_wconf 86' lang='lat' dir='ltr'>quarum</span> <span class='ocrx_word' id='word_1_152' title='bbox 945 2649 1019 2712; x_wconf 88' lang='lat' dir='ltr'>ius</span> <span class='ocrx_word' id='word_1_153' title='bbox 1051 2649 1096 2714; x_wconf 94' lang='lat' dir='ltr'>in</span> <span class='ocrx_word' id='word_1_154' title='bbox 1127 2649 1222 2736; x_wconf 84' lang='lat' dir='ltr'>lege</span> 
     </span>
     <span class='ocr_line' id='line_1_22' title="bbox 121 2750 1224 2840; baseline 0.002 -24"><span class='ocrx_word' id='word_1_155' title='bbox 121 2750 398 2819; x_wconf 81' lang='lat' dir='ltr'>Frisiorum</span> <span class='ocrx_word' id='word_1_156' title='bbox 433 2753 757 2818; x_wconf 88' lang='lat' dir='ltr'>constitutum</span> <span class='ocrx_word' id='word_1_157' title='bbox 793 2753 942 2829; x_wconf 71' lang='lat' dir='ltr'>estin</span> <span class='ocrx_word' id='word_1_158' title='bbox 977 2751 1082 2838; x_wconf 88' lang='lat' dir='ltr'>ipsa</span> <span class='ocrx_word' id='word_1_159' title='bbox 1116 2753 1224 2840; x_wconf 87' lang='lat' dir='ltr'>lege</span> 
     </span>
     <span class='ocr_line' id='line_1_23' title="bbox 121 2852 1225 2944; baseline 0.001 -24"><span class='ocrx_word' id='word_1_160' title='bbox 121 2856 443 2920; x_wconf 85' lang='lat' dir='ltr'>nominantur.</span> <span class='ocrx_word' id='word_1_161' title='bbox 491 2852 651 2920; x_wconf 90' lang='lat' dir='ltr'>Omnis</span> <span class='ocrx_word' id='word_1_162' title='bbox 690 2854 852 2921; x_wconf 82' lang='lat' dir='ltr'>Frisia</span> <span class='ocrx_word' id='word_1_163' title='bbox 887 2856 979 2920; x_wconf 87' lang='lat' dir='ltr'>littus</span> <span class='ocrx_word' id='word_1_164' title='bbox 1009 2857 1120 2921; x_wconf 83' lang='lat' dir='ltr'>oceani</span> <span class='ocrx_word' id='word_1_165' title='bbox 1152 2879 1225 2944; x_wconf 89' lang='lat' dir='ltr'>sep-</span> 
     </span>
     <span class='ocr_line' id='line_1_24' title="bbox 122 2958 1223 3049; baseline 0.004 -24"><span class='ocrx_word' id='word_1_166' title='bbox 122 2960 321 3028; x_wconf 88' lang='lat' dir='ltr'>tentrionalis</span> <span class='ocrx_word' id='word_1_167' title='bbox 345 2959 488 3024; x_wconf 85' lang='lat' dir='ltr'>alluvio</span> <span class='ocrx_word' id='word_1_168' title='bbox 512 2959 638 3026; x_wconf 84' lang='lat' dir='ltr'>Sinkfal</span> <span class='ocrx_word' id='word_1_169' title='bbox 662 2961 831 3046; x_wconf 90' lang='lat' dir='ltr'>usquead</span> <span class='ocrx_word' id='word_1_170' title='bbox 856 2958 1020 3027; x_wconf 86' lang='lat' dir='ltr'>Wisaram</span> <span class='ocrx_word' id='word_1_171' title='bbox 1035 2963 1223 3049; x_wconf 87' lang='lat' dir='ltr'>occupabat,</span> 
     </span>
     <span class='ocr_line' id='line_1_25' title="bbox 122 3064 1222 3152; baseline 0.004 -22"><span class='ocrx_word' id='word_1_172' title='bbox 122 3076 155 3130; x_wconf 93' lang='lat' dir='ltr'>et</span> <span class='ocrx_word' id='word_1_173' title='bbox 185 3064 370 3131; x_wconf 87' lang='lat' dir='ltr'>fluminibus</span> <span class='ocrx_word' id='word_1_174' title='bbox 401 3065 454 3130; x_wconf 79' lang='lat' dir='ltr'>Fli</span> <span class='ocrx_word' id='word_1_175' title='bbox 486 3075 518 3130; x_wconf 88' lang='lat' dir='ltr'>et</span> <span class='ocrx_word' id='word_1_176' title='bbox 541 3065 711 3132; x_wconf 84' lang='lat' dir='ltr'>Loubachi</span> <span class='ocrx_word' id='word_1_177' title='bbox 733 3066 767 3130; x_wconf 90' lang='lat' dir='ltr'>in</span> <span class='ocrx_word' id='word_1_178' title='bbox 790 3076 856 3132; x_wconf 90' lang='lat' dir='ltr'>tres</span> <span class='ocrx_word' id='word_1_179' title='bbox 879 3076 988 3152; x_wconf 84' lang='lat' dir='ltr'>partes</span> <span class='ocrx_word' id='word_1_180' title='bbox 1012 3078 1080 3133; x_wconf 88' lang='lat' dir='ltr'>erat</span> <span class='ocrx_word' id='word_1_181' title='bbox 1105 3069 1222 3136; x_wconf 85' lang='lat' dir='ltr'>divisa:</span> 
     </span>
     <span class='ocr_line' id='line_1_26' title="bbox 121 3169 1224 3242; baseline 0.005 -7"><span class='ocrx_word' id='word_1_182' title='bbox 121 3169 329 3236; x_wconf 83' lang='lat' dir='ltr'>Frisiam</span> <span class='ocrx_word' id='word_1_183' title='bbox 369 3171 728 3238; x_wconf 88' lang='lat' dir='ltr'>occidentalem</span> <span class='ocrx_word' id='word_1_184' title='bbox 758 3172 843 3238; x_wconf 86' lang='lat' dir='ltr'>inter</span> <span class='ocrx_word' id='word_1_185' title='bbox 873 3171 1009 3238; x_wconf 92' lang='lat' dir='ltr'>fluvium</span> <span class='ocrx_word' id='word_1_186' title='bbox 1040 3172 1168 3240; x_wconf 81' lang='lat' dir='ltr'>Sinkfal</span> <span class='ocrx_word' id='word_1_187' title='bbox 1192 3187 1224 3242; x_wconf 87' lang='lat' dir='ltr'>et</span> 
     </span>
    </p>
   </div>
   <div class='ocr_carea' id='block_1_4' title="bbox 121 3291 273 3304">
    <p class='ocr_par' dir='ltr' id='par_1_4' title="bbox 121 3291 273 3304">
     <span class='ocr_line' id='line_1_27' title="bbox 121 3291 273 3304; baseline 0.013 -2"><span class='ocrx_word' id='word_1_188' title='bbox 121 3291 273 3304; x_wconf 69' lang='grc' dir='ltr'>ι·-</span> 
     </span>
    </p>
   </div>
   <div class='ocr_carea' id='block_1_5' title="bbox 118 3347 1223 4209">
    <p class='ocr_par' dir='ltr' id='par_1_5' title="bbox 118 3347 1223 4209">
     <span class='ocr_line' id='line_1_28' title="bbox 155 3347 1222 3412; baseline 0.006 -16"><span class='ocrx_word' id='word_1_189' title='bbox 155 3352 171 3395; x_wconf 87' lang='grc'><strong>4</strong></span> <span class='ocrx_word' id='word_1_190' title='bbox 205 3347 276 3398; x_wconf 88' lang='lat' dir='ltr'>Inter</span> <span class='ocrx_word' id='word_1_191' title='bbox 302 3361 347 3398; x_wconf 91' lang='lat' dir='ltr'>eos</span> <span class='ocrx_word' id='word_1_192' title='bbox 374 3349 418 3412; x_wconf 88' lang='lat' dir='ltr'>qui</span> <span class='ocrx_word' id='word_1_193' title='bbox 444 3349 647 3410; x_wconf 84' lang='lat' dir='ltr'>dubitaverunt,</span> <span class='ocrx_word' id='word_1_194' title='bbox 668 3349 753 3412; x_wconf 88' lang='lat' dir='ltr'>legem</span> <span class='ocrx_word' id='word_1_195' title='bbox 770 3349 918 3399; x_wconf 80' lang='lat' dir='ltr'>Frisiorum</span> <span class='ocrx_word' id='word_1_196' title='bbox 935 3349 1123 3401; x_wconf 87' lang='lat' dir='ltr'>Heroldianam</span> <span class='ocrx_word' id='word_1_197' title='bbox 1141 3353 1222 3402; x_wconf 90' lang='lat' dir='ltr'>omni·</span> 
     </span>
     <span class='ocr_line' id='line_1_29' title="bbox 120 3426 1223 3496; baseline 0.005 -20"><span class='ocrx_word' id='word_1_198' title='bbox 120 3426 170 3476; x_wconf 88' lang='lat' dir='ltr'>bus</span> <span class='ocrx_word' id='word_1_199' title='bbox 187 3427 346 3491; x_wconf 84' lang='lat' dir='ltr'>inpartibus</span> <span class='ocrx_word' id='word_1_200' title='bbox 374 3429 507 3491; x_wconf 80' lang='lat' dir='ltr'>antiquam</span> <span class='ocrx_word' id='word_1_201' title='bbox 532 3442 589 3478; x_wconf 83' lang='lat' dir='ltr'>esse</span> <span class='ocrx_word' id='word_1_202' title='bbox 607 3443 637 3478; x_wconf 90' lang='lat' dir='ltr'>ac</span> <span class='ocrx_word' id='word_1_203' title='bbox 655 3430 801 3493; x_wconf 83' lang='lat' dir='ltr'>genuinam,</span> <span class='ocrx_word' id='word_1_204' title='bbox 818 3430 952 3479; x_wconf 80' lang='lat' dir='ltr'>nominare</span> <span class='ocrx_word' id='word_1_205' title='bbox 970 3429 1047 3480; x_wconf 83' lang='lat' dir='ltr'>velim</span> <span class='ocrx_word' id='word_1_206' title='bbox 1065 3432 1147 3480; x_wconf 87' lang='lat' dir='ltr'>virum</span> <span class='ocrx_word' id='word_1_207' title='bbox 1165 3444 1223 3496; x_wconf 85' lang='lat' dir='ltr'>per·</span> 
     </span>
     <span class='ocr_line' id='line_1_30' title="bbox 121 3506 1223 3572; baseline 0.006 -16"><span class='ocrx_word' id='word_1_208' title='bbox 121 3507 226 3556; x_wconf 82' lang='lat' dir='ltr'>doctum</span> <span class='ocrx_word' id='word_1_209' title='bbox 251 3506 284 3557; x_wconf 91' lang='lat' dir='ltr'>B.</span> <span class='ocrx_word' id='word_1_210' title='bbox 309 3507 490 3572; x_wconf 82' lang='lat' dir='ltr'>Huydecoper.</span> <span class='ocrx_word' id='word_1_211' title='bbox 519 3507 689 3572; x_wconf 84' lang='lat' dir='ltr'>Rymkronyk</span> <span class='ocrx_word' id='word_1_212' title='bbox 715 3522 765 3558; x_wconf 85' lang='lat' dir='ltr'>van</span> <span class='ocrx_word' id='word_1_213' title='bbox 787 3509 1223 3563; x_wconf 77' lang='lat' dir='ltr'>Melisstoke.Leiden1772.1.</span> 
     </span>
     <span class='ocr_line' id='line_1_31' title="bbox 120 3587 1221 3653; baseline 0.007 -20"><span class='ocrx_word' id='word_1_214' title='bbox 120 3601 146 3650; x_wconf 92' lang='lat' dir='ltr'>p.</span> <span class='ocrx_word' id='word_1_215' title='bbox 167 3591 228 3649; x_wconf 78' lang='lat'>¹423</span> <span class='ocrx_word' id='word_1_216' title='bbox 253 3587 384 3652; x_wconf 81' lang='lat' dir='ltr'>(conseras</span> <span class='ocrx_word' id='word_1_217' title='bbox 411 3602 477 3653; x_wconf 81' lang='lat' dir='ltr'>ques</span> <span class='ocrx_word' id='word_1_218' title='bbox 507 3589 665 3652; x_wconf 79' lang='lat' dir='ltr'>argumentis</span> <span class='ocrx_word' id='word_1_219' title='bbox 684 3588 739 3637; x_wconf 89' lang='lat' dir='ltr'>eius</span> <span class='ocrx_word' id='word_1_220' title='bbox 757 3590 880 3652; x_wconf 88' lang='lat' dir='ltr'>opposuit</span> <span class='ocrx_word' id='word_1_221' title='bbox 897 3589 919 3637; x_wconf 89' lang='grc' dir='ltr'>Ι.</span> <span class='ocrx_word' id='word_1_222' title='bbox 936 3590 967 3638; x_wconf 78' lang='lat' dir='ltr'>F.</span> <span class='ocrx_word' id='word_1_223' title='bbox 984 3604 1035 3640; x_wconf 81' lang='lat' dir='ltr'>vau</span> <span class='ocrx_word' id='word_1_224' title='bbox 1051 3590 1178 3640; x_wconf 80' lang='lat' dir='ltr'>Halscmo</span> <span class='ocrx_word' id='word_1_225' title='bbox 1194 3593 1221 3641; x_wconf 90' lang='lat' dir='ltr'>in</span> 
     </span>
     <span class='ocr_line' id='line_1_32' title="bbox 119 3661 1222 3732; baseline 0.005 -17"><span class='ocrx_word' id='word_1_226' title='bbox 119 3661 350 3731; x_wconf 85' lang='lat' dir='ltr'>Verbandelingen</span> <span class='ocrx_word' id='word_1_227' title='bbox 368 3668 434 3716; x_wconf 88' lang='lat' dir='ltr'>door</span> <span class='ocrx_word' id='word_1_228' title='bbox 452 3682 499 3717; x_wconf 91' lang='lat' dir='ltr'>een</span> <span class='ocrx_word' id='word_1_229' title='bbox 517 3667 701 3731; x_wconf 85' lang='lat' dir='ltr'>Genootschap</span> <span class='ocrx_word' id='word_1_230' title='bbox 719 3682 767 3731; x_wconf 89' lang='lat' dir='ltr'>pro</span> <span class='ocrx_word' id='word_1_231' title='bbox 785 3667 928 3718; x_wconf 87' lang='lat' dir='ltr'>excolendo</span> <span class='ocrx_word' id='word_1_232' title='bbox 952 3667 1008 3718; x_wconf 88' lang='lat' dir='ltr'>iure</span> <span class='ocrx_word' id='word_1_233' title='bbox 1024 3670 1118 3732; x_wconf 84' lang='lat' dir='ltr'>patrio.</span> <span class='ocrx_word' id='word_1_234' title='bbox 1154 3667 1222 3720; x_wconf 88' lang='lat' dir='ltr'>Gro-</span> 
     </span>
     <span class='ocr_line' id='line_1_33' title="bbox 119 3745 1222 3813; baseline 0.007 -20"><span class='ocrx_word' id='word_1_235' title='bbox 119 3745 215 3809; x_wconf 85' lang='lat' dir='ltr'>ningen</span> <span class='ocrx_word' id='word_1_236' title='bbox 242 3748 315 3797; x_wconf 83' lang='grc'><strong>1778.</strong></span> <span class='ocrx_word' id='word_1_237' title='bbox 340 3746 379 3797; x_wconf 93' lang='grc' dir='ltr'>ΙΙ.</span> <span class='ocrx_word' id='word_1_238' title='bbox 402 3763 430 3812; x_wconf 91' lang='lat' dir='ltr'>p.</span> <span class='ocrx_word' id='word_1_239' title='bbox 445 3745 502 3813; x_wconf 69' lang='lat'>46),</span> <span class='ocrx_word' id='word_1_240' title='bbox 520 3753 545 3798; x_wconf 90' lang='lat' dir='ltr'>et</span> <span class='ocrx_word' id='word_1_241' title='bbox 571 3755 687 3812; x_wconf 87' lang='lat' dir='ltr'>tempore</span> <span class='ocrx_word' id='word_1_242' title='bbox 704 3748 847 3798; x_wconf 86' lang='lat' dir='ltr'>recentiore</span> <span class='ocrx_word' id='word_1_243' title='bbox 864 3747 985 3798; x_wconf 86' lang='lat' dir='ltr'>Hattema</span> <span class='ocrx_word' id='word_1_244' title='bbox 1002 3747 1046 3798; x_wconf 84' lang='lat' dir='ltr'>Fr.</span> <span class='ocrx_word' id='word_1_245' title='bbox 1063 3747 1168 3800; x_wconf 89' lang='lat' dir='ltr'>Wetten</span> <span class='ocrx_word' id='word_1_246' title='bbox 1185 3752 1222 3801; x_wconf 91' lang='lat'>11.</span> 
     </span>
     <span class='ocr_line' id='line_1_34' title="bbox 118 3826 1222 3896; baseline 0.008 -22"><span class='ocrx_word' id='word_1_247' title='bbox 118 3840 146 3889; x_wconf 88' lang='lat' dir='ltr'>p.</span> <span class='ocrx_word' id='word_1_248' title='bbox 172 3831 232 3875; x_wconf 87' lang='lat'><strong>335.</strong></span> <span class='ocrx_word' id='word_1_249' title='bbox 258 3832 308 3875; x_wconf 85' lang='grc'>344</span> <span class='ocrx_word' id='word_1_250' title='bbox 335 3833 360 3877; x_wconf 86' lang='lat' dir='ltr'>et</span> <span class='ocrx_word' id='word_1_251' title='bbox 385 3842 436 3877; x_wconf 86' lang='lat' dir='ltr'>von</span> <span class='ocrx_word' id='word_1_252' title='bbox 462 3827 572 3878; x_wconf 81' lang='lat' dir='ltr'>Daniele</span> <span class='ocrx_word' id='word_1_253' title='bbox 589 3827 668 3878; x_wconf 86' lang='lat' dir='ltr'>Dent.</span> <span class='ocrx_word' id='word_1_254' title='bbox 685 3826 808 3892; x_wconf 85' lang='lat' dir='ltr'>Reichsg.</span> <span class='ocrx_word' id='word_1_255' title='bbox 826 3828 963 3892; x_wconf 66' lang='lat' dir='ltr'>&#39;itihingen</span> <span class='ocrx_word' id='word_1_256' title='bbox 984 3834 1056 3878; x_wconf 81' lang='grc'><strong>1859.</strong></span> <span class='ocrx_word' id='word_1_257' title='bbox 1073 3829 1095 3878; x_wconf 93' lang='grc' dir='ltr'>Ι.</span> <span class='ocrx_word' id='word_1_258' title='bbox 1113 3845 1139 3896; x_wconf 90' lang='lat' dir='ltr'>p.</span> <span class='ocrx_word' id='word_1_259' title='bbox 1156 3835 1222 3884; x_wconf 74' lang='lat'>2622</span> 
     </span>
     <span class='ocr_line' id='line_1_35' title="bbox 124 3901 1223 3972; baseline 0.005 -16"><span class='ocrx_word' id='word_1_260' title='bbox 124 3901 334 3956; x_wconf 78' lang='lat' dir='ltr'>Walrscleinlicl</span> <span class='ocrx_word' id='word_1_261' title='bbox 359 3907 437 3956; x_wconf 77' lang='lat' dir='ltr'>taren</span> <span class='ocrx_word' id='word_1_262' title='bbox 462 3908 508 3956; x_wconf 82' lang='lat' dir='ltr'>wir</span> <span class='ocrx_word' id='word_1_263' title='bbox 525 3908 551 3957; x_wconf 83' lang='lat' dir='ltr'>in</span> <span class='ocrx_word' id='word_1_264' title='bbox 568 3906 620 3956; x_wconf 87' lang='lat' dir='ltr'>dem</span> <span class='ocrx_word' id='word_1_265' title='bbox 637 3906 747 3972; x_wconf 69' lang='lat' dir='ltr'>lentipes</span> <span class='ocrx_word' id='word_1_266' title='bbox 767 3905 840 3956; x_wconf 74' lang='lat' dir='ltr'>Teate</span> <span class='ocrx_word' id='word_1_267' title='bbox 858 3923 904 3957; x_wconf 80' lang='lat' dir='ltr'>nar</span> <span class='ocrx_word' id='word_1_268' title='bbox 921 3907 967 3958; x_wconf 80' lang='lat' dir='ltr'>das</span> <span class='ocrx_word' id='word_1_269' title='bbox 983 3907 1125 3958; x_wconf 81' lang='lat' dir='ltr'>vercinzelte</span> <span class='ocrx_word' id='word_1_270' title='bbox 1146 3907 1223 3961; x_wconf 82' lang='lat' dir='ltr'>Wcrlr</span> 
     </span>
     <span class='ocr_line' id='line_1_36' title="bbox 118 3983 1221 4054; baseline 0.004 -22"><span class='ocrx_word' id='word_1_271' title='bbox 118 3983 185 4033; x_wconf 80' lang='lat' dir='ltr'>eines</span> <span class='ocrx_word' id='word_1_272' title='bbox 201 3983 437 4049; x_wconf 70' lang='lat' dir='ltr'>Privatsmmlerr,</span> <span class='ocrx_word' id='word_1_273' title='bbox 454 3986 498 4036; x_wconf 83' lang='lat' dir='ltr'>dar</span> <span class='ocrx_word' id='word_1_274' title='bbox 514 4004 561 4038; x_wconf 74' lang='lat' dir='ltr'>cus</span> <span class='ocrx_word' id='word_1_275' title='bbox 577 3985 672 4036; x_wconf 78' lang='lat' dir='ltr'>andern</span> <span class='ocrx_word' id='word_1_276' title='bbox 689 3984 906 4052; x_wconf 76' lang='lat' dir='ltr'>Auszeiclnunqen</span> <span class='ocrx_word' id='word_1_277' title='bbox 924 3987 976 4038; x_wconf 83' lang='lat' dir='ltr'>und</span> <span class='ocrx_word' id='word_1_278' title='bbox 991 3988 1116 4054; x_wconf 74' lang='lat' dir='ltr'>constipari</span> <span class='ocrx_word' id='word_1_279' title='bbox 1133 3987 1221 4040; x_wconf 69' lang='lat' dir='ltr'>Nacti.</span> 
     </span>
     <span class='ocr_line' id='line_1_37' title="bbox 118 4059 1220 4130; baseline 0.01 -20"><span class='ocrx_word' id='word_1_280' title='bbox 118 4062 212 4113; x_wconf 82' lang='lat' dir='ltr'>riclten</span> <span class='ocrx_word' id='word_1_281' title='bbox 234 4059 346 4115; x_wconf 62' lang='lat' dir='ltr'>&amp;clares</span> <span class='ocrx_word' id='word_1_282' title='bbox 371 4065 423 4115; x_wconf 82' lang='lat' dir='ltr'>and</span> <span class='ocrx_word' id='word_1_283' title='bbox 451 4065 614 4128; x_wconf 71' lang='lat' dir='ltr'>Unor&#39;cleres,</span> <span class='ocrx_word' id='word_1_284' title='bbox 638 4063 804 4116; x_wconf 61' lang='lat' dir='ltr'>mansuetas</span> <span class='ocrx_word' id='word_1_285' title='bbox 829 4065 882 4117; x_wconf 79' lang='lat' dir='ltr'>und</span> <span class='ocrx_word' id='word_1_286' title='bbox 903 4065 1124 4130; x_wconf 78' lang='lat' dir='ltr'>Vorfrc&#39;inlriscles,</span> <span class='ocrx_word' id='word_1_287' title='bbox 1141 4067 1220 4121; x_wconf 83' lang='lat' dir='ltr'>Heid-</span> 
     </span>
     <span class='ocr_line' id='line_1_38' title="bbox 118 4142 1219 4209; baseline 0.007 -17"><span class='ocrx_word' id='word_1_288' title='bbox 118 4143 215 4193; x_wconf 80' lang='lat' dir='ltr'>niscles</span> <span class='ocrx_word' id='word_1_289' title='bbox 240 4144 293 4195; x_wconf 81' lang='lat' dir='ltr'>aad</span> <span class='ocrx_word' id='word_1_290' title='bbox 319 4142 494 4208; x_wconf 79' lang='lat' dir='ltr'>Olristlt&#39;cles,</span> <span class='ocrx_word' id='word_1_291' title='bbox 519 4147 564 4196; x_wconf 81' lang='lat' dir='ltr'>wie</span> <span class='ocrx_word' id='word_1_292' title='bbox 590 4163 615 4196; x_wconf 79' lang='lat' dir='ltr'>cs</span> <span class='ocrx_word' id='word_1_293' title='bbox 642 4146 695 4196; x_wconf 78' lang='lat' dir='ltr'>sict</span> <span class='ocrx_word' id='word_1_294' title='bbox 720 4147 824 4209; x_wconf 81' lang='lat' dir='ltr'>darbot,</span> <span class='ocrx_word' id='word_1_295' title='bbox 852 4147 912 4198; x_wconf 75' lang='lat' dir='ltr'>cline</span> <span class='ocrx_word' id='word_1_296' title='bbox 944 4145 1019 4199; x_wconf 76' lang='lat' dir='ltr'>Wall</span> <span class='ocrx_word' id='word_1_297' title='bbox 1044 4149 1095 4199; x_wconf 81' lang='lat' dir='ltr'>und</span> <span class='ocrx_word' id='word_1_298' title='bbox 1124 4147 1219 4200; x_wconf 69' lang='lat' dir='ltr'>Urunt</span> 
     </span>
    </p>
   </div>
   <div class='ocr_carea' id='block_1_6' title="bbox 117 4232 1081 4344">
    <p class='ocr_par' dir='ltr' id='par_1_6' title="bbox 117 4232 1081 4344">
     <span class='ocr_line' id='line_1_39' title="bbox 117 4232 320 4290; baseline 0.01 -18"><span class='ocrx_word' id='word_1_299' title='bbox 117 4232 320 4290; x_wconf 74' lang='lat' dir='ltr'>zusammcntruq.</span> 
     </span>
     <span class='ocr_line' id='line_1_40' title="bbox 1064 4309 1081 4344; baseline 0 0"><span class='ocrx_word' id='word_1_300' title='bbox 1064 4309 1081 4344; x_wconf 65' lang='lat' dir='ltr'>a</span> 
     </span>
    </p>
   </div>
   <div class='ocr_carea' id='block_1_7' title="bbox 0 0 1554 5176">
    <p class='ocr_par' dir='ltr' id='par_1_7' title="bbox 0 0 1554 5176">
     <span class='ocr_line' id='line_1_41' title="bbox 0 0 1554 5176; baseline 0 1"><span class='ocrx_word' id='word_1_301' title='bbox 0 0 1554 5176; x_wconf 95' lang='lat' dir='ltr'> </span> 
     </span>
    </p>
   </div>
  </div>
 </body>
</html>
