3028 5184
471 404 587 470 lunen
609 405 747 470 Renum
1125 409 1185 472 145

125 603 180 666 76;
211 605 299 664 siout¹
315 600 350 656 de
379 617 469 658 mann
498 601 638 678 seriptum
668 609 720 664 est.
748 600 790 655 ita
809 607 837 655 et
856 599 889 656 in
908 600 981 676 pede
1000 611 1187 678 componatur

124 690 221 756 XXII.
240 690 287 750 64.
306 690 357 754 793
378 690 430 766 qui
449 693 634 768 harpatorem
655 689 828 766 (aurificem.
848 690 1005 748 foeminam
1024 692 1187 750 fresumfa-

123 782 259 856 cientem)
289 782 321 837 in
351 799 442 837 manu
472 781 654 856 percusserit,
680 788 833 857 componat
861 787 919 838 ete.
935 780 1011 837 Iud.
1033 779 1121 839 Wut.
1143 782 1195 850 10,

127 872 171 928 ll.
207 870 256 944 Os.
277 871 436 928 brachium.
457 872 485 945 b)
505 871 556 945 qui
576 871 666 927 lacem
689 889 776 926 manu
798 878 874 926 tenet
894 869 931 934 V.
956 871 990 935 l;
1009 871 1033 928 si
1053 872 1190 946 quislibet
1289 927 1297 934 ,

124 961 215 1017 telum
247 980 337 1016 manu
367 969 442 1017 tenet
472 959 560 1018 Ado.
581 960 638 1023 ΙΙΙ,
660 960 785 1034 tarqui
806 959 917 1015 homini
936 981 1040 1017 manus
1060 962 1191 1019 iniecerit

124 1049 221 1116 XXII,
250 1049 305 1114 823
325 1050 415 1107 soleat
435 1068 501 1106 enm
521 1050 593 1106 sieut
613 1069 703 1106 mauu
723 1068 774 1106 sua
793 1049 939 1106 occidisset
957 1050 983 1114 Ι,
1013 1049 1057 1108 l4.
1080 1056 1117 1125 e.)
1137 1071 1190 1108 sua

124 1139 214 1197 solius
241 1159 331 1196 manu
360 1148 571 1196 sacramentum
602 1157 738 1214 peragere
769 1137 857 1195 Ado.
888 1138 946 1204 ΙΙΙ,
967 1139 1020 1204 493
1040 1150 1190 1198 sussexta

125 1231 255 1306 (quarta)
286 1249 376 1286 manu
407 1239 622 1286 sacramentum
652 1229 782 1304 perficiat
813 1229 912 1303 (iuret)
943 1229 969 1294 Ι,
1003 1231 1046 1287 19.
1078 1230 1118 1288 ΙΙ.
1146 1229 1191 1288 10.

125 1319 184 1381 ΙΙΙ,
203 1319 230 1376 3.
254 1318 281 1377 4.
300 1319 353 1382 Vl.
376 1320 406 1382 l;
426 1339 478 1375 sua
498 1318 667 1375 duodecima
689 1337 778 1375 manu
798 1337 826 1374 se
846 1319 1001 1393 purificare
1012 1330 1190 1378 sacramento

126 1408 205 1472 XIV.
228 1408 261 1473 la
283 1429 334 1464 sua
354 1408 524 1464 duodecima
544 1426 631 1464 manu
653 1407 821 1484 perfectorio
841 1409 1075 1484 (purifeotori0?)
1095 1430 1191 1467 sacra·
1302 1433 1305 1440 ’

126 1508 224 1555 mento
242 1517 272 1554 se
291 1516 424 1554 excusare
443 1496 523 1562 xlv.
544 1497 580 1560 23
600 1497 677 1553 selus
696 1498 771 1553 iuret
792 1497 821 1552 in
844 1517 932 1553 manu
951 1500 1075 1574 proximi
1098 1501 1188 1562 Add.

127 1588 203 1651 IIIis.
236 1589 247 1643 Ι
281 1608 311 1663 p.
333 1586 387 1650 353
410 1590 448 1659 of.
469 1587 575 1644 iurare.
597 1587 631 1660 d)
650 1605 770 1642 manum
791 1605 872 1642 suam
893 1588 1015 1644 redimat
1036 1588 1094 1654 ΙΙΙ,
1110 1589 1139 1647 8.
1161 1589 1189 1647 9.

126 1677 165 1741 Χ,
198 1676 218 1733 l.
253 1680 278 1748 e)
297 1678 350 1751 qui
370 1695 459 1732 manu
477 1676 594 1733 collecta
614 1676 754 1732 hostiliter
772 1675 872 1732 villam
892 1677 1010 1734 alterius
1029 1679 1189 1736 elroumde-

126 1768 203 1824 derit
222 1765 317 1831 XVII,
335 1765 363 1822 4.

89 1877 211 1914 mare:
240 1856 355 1912 ducitur
374 1855 410 1911 ad
432 1847 512 1911 mare
530 1865 558 1911 et
577 1855 743 1911 immolatur
763 1853 852 1912 Add.
873 1855 925 1920 Xl,
949 1857 973 1913 l.

89 1948 275 2005 maritus:
306 1945 431 2001 foemina
459 1945 490 2000 in
511 1944 742 2020 compositionem
762 1944 859 2000 mariti
880 1949 923 2002 sui
944 1955 1069 2003 transeat
1092 1946 1142 2012 vl,
1162 1946 1189 2004 2.

130 2037 177 2111 Cf.
198 2037 283 2099 liber.
303 2035 372 2091 litus
393 2044 421 2092 et
440 2054 522 2092 uxor.

89 2126 309 2184 masculusr
340 2124 429 2181 soleat
450 2125 601 2180 mulierem
623 2125 768 2198 (occisam)
787 2126 860 2180 siout
882 2127 1042 2182 masculum
1062 2125 1190 2182 eiusdem

127 2214 299 2272 conditionis
319 2212 409 2270 Adri.
429 2213 466 2276 V,
488 2213 512 2270 l.

90 2314 236 2363 mater:
263 2303 359 2358 infans
389 2311 523 2359 enecatus
552 2323 570 2358 a
601 2312 692 2359 matre
721 2302 760 2366 V.
788 2303 821 2366 Ι,
852 2304 943 2359 solvat
964 2304 1086 2360 occisum
1107 2306 1193 2362 matri

128 2413 197 2451 suae
218 2393 298 2456 XIX.
318 2391 346 2449 2.

90 2483 278 2542 maxillas
308 2483 332 2538 si
363 2483 512 2538 maxillam
542 2482 677 2540 inciderit
706 2481 907 2558 (transfixerit)
939 2482 1035 2546 XXII,
1069 2482 1113 2539 18.
1144 2483 1192 2542 85.

128 2573 216 2630 Adri.
237 2572 295 2636 Ill.
312 2571 363 2638 lt.
384 2571 431 2628 65.

92 2663 459 2719 medicamentum:
492 2661 517 2717 si
548 2661 653 2717 vulnus
673 2660 882 2717 medicamento
901 2659 996 2716 claudi
1016 2680 1075 2717 non
1095 2671 1194 2737 potue·

129 2753 167 2808 rit
188 2752 264 2808 Iud.
288 2749 373 2806 Wrrl.
395 2749 422 2808 2.
446 2749 493 2825 Os,
514 2769 625 2807 sanare.
1201 2739 1202 2742 ¹

91 2841 254 2898 medius
274 2839 423 2916 (digituslr
456 2841 478 2894 si
510 2839 637 2895 medium
658 2839 805 2916 (digitum)
826 2837 978 2894 absciderit
998 2839 1194 2915 (praeciderit)

129 2929 226 2993 XXII,
256 2929 302 2987 30.
334 2927 422 2986 Ado.
452 2928 493 2994 ΙΙ,
522 2928 558 2992 3;
588 2929 666 3002 quod
686 2930 793 2986 uulnus
813 2929 888 2985 inter
907 2929 1038 3004 pollicem
1060 2938 1088 2986 et
1108 2931 1195 2988 medii

130 3020 212 3096 digiti
242 3039 387 3096 spannum
417 3019 536 3096 longum
566 3020 652 3076 fuerit
683 3019 780 3085 XXII,
809 3017 855 3076 67.
883 3018 971 3076 Ado.
999 3019 1056 3084 ΙΙΙ,
1076 3020 1125 3079 57.
1148 3020 1195 3095 Of.

130 3110 248 3186 digitus.

92 3220 121 3256 ιιι
132 3219 147 3256 e
159 3199 177 3254 d
188 3199 300 3275 uilla:
321 3200 345 3254 si
366 3199 431 3273 quis
451 3198 542 3254 alium
562 3199 602 3254 ita
621 3200 806 3274 percusserit.
824 3208 857 3256 ut
876 3218 936 3256 osse
954 3199 1045 3258 inciso
1067 3201 1197 3260 medulla

130 3290 265 3345 decurrat
284 3286 371 3344 And.
393 3287 449 3351 ΙΙΙ,
468 3288 515 3346 33.
539 3287 587 3362 Of.
607 3289 725 3346 vulnus.

92 3397 147 3435 me
161 3399 188 3434 nr
200 3377 219 3432 b
230 3397 245 3433 r
256 3397 273 3434 a
285 3396 304 3433 n
316 3397 353 3436 as
373 3379 543 3434 membrana
563 3397 620 3452 qua
639 3380 792 3435 cerebrum
811 3378 974 3434 continetur
990 3378 1084 3441 XXII.
1106 3381 1133 3436 7.
1157 3379 1176 3438 8
1188 3404 1195 3444 ς

132 3467 305 3525 membrana
325 3466 393 3541 quai
413 3485 478 3523 ecor
498 3474 525 3522 et
544 3466 626 3542 splen
645 3467 772 3543 pendent
791 3465 885 3531 XXII,
905 3466 962 3531 563
983 3471 1022 3542 cf.
1042 3470 1199 3529 mithridri.
1277 3501 1278 3504 ¹

92 3559 336 3614 membrum:
368 3554 457 3613 Adel.
484 3555 524 3619 ΙΙ,
552 3555 580 3613 2.
613 3555 669 3618 III.
700 3554 747 3614 32.
780 3555 826 3613 46.
853 3556 929 3612 Iud.
953 3556 1039 3612 Wetl.
1060 3557 1088 3614 8.
1109 3561 1197 3633 (qaia-

132 3657 204 3704 teor
223 3649 275 3704 laos
295 3649 369 3702 locos
388 3647 530 3703 lorrdatos
553 3645 753 3704 Wukmarns
772 3647 911 3721 scripsit)

93 3755 362 3796 mensuraret
395 3736 516 3793 vulnera
546 3755 606 3792 nno
635 3737 693 3795 lctn
713 3738 790 3793 facta
810 3745 1016 3792 mensurantur
1036 3736 1129 3802 xxti,
1149 3738 1197 3806 75,

133 3825 182 3899 Of.
203 3825 309 3883 metiri.

91 3933 270 3974 merces:
300 3918 333 3989 a)
365 3914 545 3990 campionem
576 3916 705 3972 mercede
735 3916 893 3974 conducere
924 3915 1005 3979 XIV,
1036 3918 1064 3973 Ι7.
1096 3920 1125 3994 ὁ)
1146 3920 1198 3993 qui

130 4005 224 4062 alium
254 4005 286 4061 in
314 4004 443 4081 periculo
474 4023 569 4079 aquae
589 4005 767 4070 liberaverit.
787 4005 947 4076 mercedem
967 4005 1089 4080 accipiat
1110 4006 1198 4066 Adri.

132 4093 255 4159 111.67.
279 4093 326 4167 Os.
347 4095 551 4152 remuneratio.

92 4202 304 4260 mergere:
334 4185 385 4261 qui
415 4184 506 4240 alium
531 4183 563 4239 in
594 4202 698 4258 aquam
720 4185 897 4261 Impinxerit.
918 4185 957 4240 ita
988 4194 1019 4240 nt
1050 4198 1200 4263 mergatur

133 4273 224 4333 Ado.
245 4272 300 4338 ΙΙΙ,
320 4271 367 4331 4l.
392 4271 438 4348 Cf.
460 4291 546 4346 aqua.
595 4341 599 4354 Ι
