3020 5174
716 403 785 452 LEX
806 402 1013 451 nn1s10n'unr.

710 609 1019 622 *ιι-κ

733 730 867 795 ΤΙΤ.
916 730 1008 794 xeo,

716 953 765 999 nn
788 951 958 999 unsrruus
971 936 1012 996 ⁸⁷.

862 1156 886 1202 1.

367 1245 404 1313 Si
441 1247 513 1333 quis
550 1247 644 1311 homo
681 1267 778 1331 snper
802 1243 946 1329 reliquiis
970 1253 1152 1308 senotorum
1176 1239 1295 1305 falsum
1319 1263 1433 1305 sacru-

320 1364 464 1422 mentum
505 1351 682 1429 iuraverit,
722 1349 764 1414 ad
800 1361 921 1434 partem
958 1347 1044 1436 regis
1080 1344 1292 1433 weregildum
1329 1368 1432 1410 suum

221 1535 226 1548 ,
321 1469 508 1544 componat,
545 1468 577 1523 et
613 1456 675 1522 ulio
712 1454 887 1542 weregildo
925 1475 1055 1519 manum
1091 1474 1182 1518 suam
1222 1451 1363 1517 redimat
1379 1457 1432 1529 88;

322 1563 362 1628 de
386 1563 642 1630 coniuratoribus
666 1561 736 1626 eins
759 1559 982 1646 unusquisque
1006 1557 1218 1648 weregildum
1238 1579 1335 1623 suum
1354 1580 1432 1646 per·

320 1670 424 1734 solvat
437 1671 479 1736 ⁸⁹.

753 1972 888 2037 TIT.
934 1971 1000 2038 ΧΙ.

768 2195 817 2245 nn
842 2193 925 2240 nuno
939 2179 978 2242 ⁹⁰.

866 2397 888 2444 1.

371 2495 406 2562 Si
442 2494 523 2559 liber
559 2491 654 2554 homo
690 2497 865 2575 spontanee
896 2485 1077 2564 voluntate,
1102 2488 1156 2552 vel
1179 2487 1263 2554 forte
1287 2493 1430 2554 necessi-

325 2613 391 2670 tate
424 2612 571 2674 coaetus,
603 2592 719 2671 nobili,
751 2615 807 2656 seu
837 2590 955 2670 libero,
981 2614 1038 2657 seu
1070 2595 1164 2658 etiarn
1194 2593 1268 2674 lito,
1292 2595 1325 2660 in
1350 2619 1429 2681 per·

325 2730 435 2774 sonam
471 2715 503 2770 et
539 2702 572 2766 in
608 2699 775 2766 servitium
811 2697 903 2764 liti⁹l
939 2719 973 2762 se
1005 2698 1202 2779 subdiderit,
1238 2711 1270 2764 et
1310 2712 1429 2786 postea
1494 2705 1495 2780 l

324 2838 359 2881 se
394 2814 457 2880 hoo
491 2808 603 2874 feoisse
638 2827 758 2891 negare
793 2802 947 2883 voluerit,
983 2803 1069 2869 dieat
1091 2804 1159 2882 ille,
1184 2806 1241 2892 qni
1265 2828 1341 2870 eum
1364 2830 1428 2892 pro
1494 2795 1495 2866 l

324 2921 381 2986 lito
416 2917 536 2983 hebere
571 2913 659 2976 visus
695 2920 761 2975 est:
798 2956 818 2988 ,‚
832 2907 903 2973 Aut
927 2932 988 2997 ego
1012 2919 1045 2974 te
1068 2932 1143 2975 enm
1167 2912 1428 2979 coniuratoribus
1494 2895 1495 2960 l

327 3073 346 3104 „
372 3023 451 3087 meis
486 3042 563 3097 sex,
599 3017 653 3082 vel
688 3025 827 3100 septem,
861 3014 912 3080 vel
935 3013 1060 3093 decem,
1084 3016 1137 3080 vel
1161 3016 1349 3096 duodecim,
1374 3019 1428 3083 vel

328 3177 348 3210 „
373 3128 469 3194 etiem
506 3122 635 3210 viginti,
670 3129 867 3184 sacramento
902 3142 973 3185 meo
1001 3119 1078 3186 mihi
1101 3121 1194 3187 litum
1216 3121 1348 3204 faeiem,
1373 3126 1427 3189 vel

328 3283 348 3315 ,‚
375 3245 411 3298 tu
446 3252 522 3296 unm
556 3227 622 3292 tuis
653 3224 906 3291 coniuratoribus
931 3224 972 3290 de
995 3249 1066 3291 mee
1089 3238 1246 3312 potestate
1270 3241 1302 3294 te
1327 3230 1428 3297 debes

329 3389 349 3421 ‚,
375 3333 554 3404 excusare.'’
599 3328 635 3398 Si
657 3331 714 3396 ille
737 3340 816 3394 tuno
838 3330 946 3396 iurare
970 3331 1063 3411 velit,
1088 3333 1188 3412 iuret,
1213 3347 1244 3398 et
1268 3337 1427 3402 servitute

327 3446 497 3519 liberetur3
522 3439 547 3503 si
571 3447 680 3503 autem
703 3437 810 3501 iurare
834 3437 982 3516 noluerit,
1006 3437 1059 3502 ille
1083 3439 1140 3523 qui
1163 3461 1237 3503 eum
1261 3440 1428 3526 possidere

327 3550 513 3626 videbatur,
547 3544 647 3623 iuret,
684 3543 767 3609 siout
802 3541 962 3623 condixit,
999 3552 1031 3608 et
1069 3543 1187 3614 habeat
1217 3545 1311 3611 illurn
1344 3546 1427 3614 siout
1494 3551 1495 3556 ’

326 3667 469 3725 caeteros
492 3653 565 3718 litos
589 3672 672 3716 suos.

850 3759 932 3819 n92.

375 3862 411 3931 Si
435 3862 511 3928 litus
535 3867 635 3924 semet
658 3859 763 3946 ipsum
786 3860 917 3945 propria
940 3862 1077 3948 pecunie
1100 3886 1120 3928 a
1143 3863 1271 3931 domino
1296 3889 1357 3932 suo
1378 3891 1428 3933 re·

329 3970 481 4048 demerit,
505 3976 538 4032 et
562 3986 672 4043 unum,
697 3965 749 4029 vel
774 3965 865 4047 duos,
890 3966 942 4032 vel
969 3981 1042 4048 tres,
1067 3969 1119 4034 vel
1144 3971 1302 4057 quotlibet
1326 3995 1427 4039 annos

327 4080 361 4146 in
385 4076 533 4141 libertate
557 4071 692 4150 vixerit,
717 4083 748 4135 et
771 4072 889 4138 iterum
913 4095 932 4137 a
955 4072 1083 4140 domino
1100 4076 1140 4140 de
1156 4078 1269 4165 eapitis
1285 4079 1337 4143 sui
1353 4101 1428 4144 oon·

328 4182 448 4252 ditione
471 4178 568 4246 fuerit
592 4177 822 4256 calumniatus,
846 4177 973 4244 dicente
997 4179 1057 4267 ipsi
1082 4179 1223 4249 domino:
1250 4230 1269 4261 „
1294 4183 1371 4250 Non
1398 4201 1427 4252 te
