3028 5184
328 433 369 498 98
540 433 634 496 Aen.
654 431 737 496 Ser.
779 430 808 494 Τ
831 447 896 498 rr.
919 432 983 498 III.
1027 433 1128 518 sce,
1149 432 1200 499 59.

328 636 410 686 mant
436 645 511 704 quae
538 625 623 686 modo
643 627 772 704 exposui,
792 645 886 703 neque
905 629 1001 686 dicere
1021 627 1120 686 volunt
1143 627 1215 707 106}
1234 629 1340 688 solidos
1359 641 1428 690 tem

327 733 407 792 pore,
435 735 493 790 quo
526 714 638 771 rddioo
666 714 737 791 legis
756 715 945 783 condebatur,
966 715 1089 774 hominis
1110 717 1215 774 nobilis
1235 721 1426 797 weregeldum

326 805 440 869 lecissm
472 803 537 861 vide
566 805 658 880 praef.
687 804 758 880 legis
789 802 862 864 Ilris.
892 825 921 881 p.
942 804 1005 870 xl..
1022 805 1056 862 in
1074 824 1134 881 qna
1154 816 1285 866 notatum
1305 819 1357 876 est,
1379 813 1427 868 ho-

327 895 414 952 minis
441 895 525 952 occisi
553 893 744 970 weregeldum
774 893 897 970 simplex
926 895 958 951 in
988 895 1050 971 lege
1077 894 1240 956 Frisionnm
1260 909 1353 958 vetere
1372 911 1427 959 sta-

329 992 435 1050 tutum,
454 993 580 1060 tempore
600 982 761 1041 Additionis
779 987 942 1061 sapientum
963 994 1006 1041 ter
1024 985 1150 1042 solutum
1168 1005 1238 1045 esee.

370 1076 382 1110 ⁹
425 1073 521 1132 Verba
547 1077 691 1132 similiter
720 1077 802 1131 iuter
822 1074 982 1133 Wisurm
999 1084 1027 1132 et
1045 1075 1204 1134 Laccdaeln'
1222 1097 1257 1135 ex
1277 1099 1341 1136 mea
1361 1083 1427 1156 qui-

325 1164 390 1221 dem
419 1164 654 1238 interpretatione
683 1163 832 1228 sanciunt,
862 1173 893 1221 nt
922 1165 955 1222 in
984 1164 1077 1222 Frisia
1106 1166 1241 1223 orientali
1271 1169 1318 1226 ius
1348 1170 1425 1226 idem

326 1253 428 1316 valeat,
458 1252 536 1327 quod
566 1252 597 1308 in
622 1252 715 1310 verbis
734 1253 968 1312 antecedentibus
987 1256 1023 1311 de
1043 1254 1157 1312 mulctis
1177 1257 1333 1314 vulnerum
1351 1278 1426 1334 quae

325 1342 382 1400 sint
403 1341 547 1400 metienda
566 1341 597 1398 in
619 1361 702 1398 usum
722 1341 830 1400 Frisiae
849 1343 1031 1401 occidentalis
1048 1345 1209 1420 expositam
1229 1355 1280 1404 est.

368 1431 396 1465 ¹⁰
442 1429 537 1490 Verba
565 1433 710 1488 similiter
736 1452 861 1490 mantem
879 1451 916 1490 cc
928 1433 1037 1507 pectem
1055 1434 1093 1491 ob
1113 1435 1283 1494 brevitatem
1303 1436 1425 1493 obscura

322 1528 400 1579 suut.
440 1519 573 1596 Capitnla
605 1519 694 1578 l-IO
723 1519 798 1577 tituli
818 1520 847 1577 Il
868 1521 1039 1586 Additionis,
1059 1531 1087 1578 et
1106 1523 1233 1600 capitula
1256 1524 1325 1580 l-7
1346 1525 1423 1582 tituli
1500 1580 1501 1590 ,

321 1610 384 1668 llIa
404 1609 574 1672 additionis.
600 1628 703 1666 manus
724 1629 756 1666 ae
775 1610 856 1686 pedis
877 1611 1000 1668 mulctas
1020 1612 1186 1677 emendant,
1206 1633 1277 1688 quas
1297 1616 1422 1690 capitula

320 1699 433 1758 27-tt
462 1707 490 1756 et
518 1696 628 1756 60-63
661 1699 738 1756 tituli
766 1699 850 1757 XXII
882 1698 955 1778 logis
984 1700 1058 1759 Fris.
1078 1703 1302 1767 constituerants
1323 1706 1422 1762 omnia
1498 1754 1500 1765 .

320 1799 416 1846 autem
448 1789 493 1845 his
516 1787 547 1845 ln
567 1788 636 1844 locis
656 1797 760 1846 statuta
780 1790 817 1845 ad
837 1789 927 1846 solam
947 1789 1069 1846 Frisiam
1088 1792 1214 1848 mediam
1235 1793 1310 1850 iuter
1329 1792 1377 1850 rii
1396 1803 1421 1851 et
1497 1780 1500 1789 ¹

320 1877 470 1934 Laubachi
499 1877 584 1933 sitam
614 1878 777 1952 pertinent3
808 1879 884 1934 hanc
913 1879 952 1936 ob
981 1897 1042 1936 rem
1063 1879 1203 1937 coniicere
1221 1880 1316 1945 liceat,
1335 1881 1421 1938 verba
1496 1918 1500 1957 t

319 1968 466 2025 similiter
483 1985 609 2024 manaem
628 1986 665 2023 ao
677 1968 788 2041 pedem
807 1966 912 2033 dicere,
932 1967 963 2024 in
983 1967 1077 2025 Frisia
1096 1969 1265 2026 occidentali
1284 1979 1312 2026 et
1325 1971 1420 2028 orien-
1498 1975 1499 1984 ’

318 2056 371 2112 tali
402 2056 447 2112 ius
466 2074 525 2111 esse
545 2055 745 2112 adhibendum
763 2057 795 2112 in
816 2056 950 2133 capitulis
969 2058 1061 2114 citatis
1080 2059 1116 2116 de
1135 2059 1209 2136 pede
1226 2077 1260 2116 ac
1278 2079 1369 2117 manu
1389 2063 1419 2118 in
1496 2061 1499 2148 j

198 2203 200 2208 ,
319 2163 403 2200 usum
433 2142 540 2200 I'risiae
570 2143 681 2202 mediae
710 2145 874 2210 eondituma
907 2165 960 2203 nec
990 2156 1086 2205 tamen
1106 2151 1323 2215 affirmaverim,
1343 2152 1421 2208 hunc
1498 2151 1499 2182 l

318 2234 471 2290 verborum
491 2232 677 2290 laudatorum
697 2252 812 2290 sensum
831 2244 941 2292 certum
961 2255 995 2292 ac
1015 2237 1168 2295 definitum
1190 2257 1258 2297 esse.

360 2322 389 2355 ¹¹
432 2323 569 2400 Capitale
598 2322 709 2382 59-75
739 2324 776 2380 ad
805 2324 927 2382 Frisiam
946 2326 1150 2386 occidentalem
1171 2329 1320 2386 referenda
1341 2339 1418 2394 sunt,

316 2412 428 2472 duabus
448 2414 523 2472 notis
542 2415 678 2490 exeeptis,
696 2433 771 2490 quae
790 2415 984 2491 capitulorum
1005 2416 1042 2475 68
1062 2426 1090 2474 et
1109 2415 1147 2475 73
1167 2419 1261 2476 verbis
1276 2420 1419 2496 supremis

314 2503 460 2568 adiectae,
479 2503 516 2558 ad
536 2502 658 2560 Frisiam
677 2503 845 2561 orientalem
864 2506 1019 2580 pertinent.

359 2592 388 2628 ¹²
431 2592 643 2650 Boumeliteia.

358 2680 387 2716 ¹³
430 2681 541 2739 Nomen
572 2679 734 2740 Saxmundi
764 2681 847 2739 nobis
876 2682 999 2739 occurrit
1028 2683 1095 2739 solis
1124 2683 1158 2739 in
1196 2685 1308 2743 verbis:
1346 2689 1417 2745 dccc

314 2771 434 2828 iudicia
466 2755 666 2829 Scamander
697 2771 839 2836 dietavit,
873 2781 958 2846 atque
989 2772 1021 2828 in
1050 2771 1237 2849 inscriptione
1267 2775 1344 2832 tituli
1376 2775 1413 2834 Vl

312 2860 492 2926 Additioniss
512 2861 563 2937 qui
584 2860 638 2917 loci
657 2862 795 2936 probant,
815 2860 1018 2918 Saxmundunr
1038 2860 1181 2937 quaedam
1201 2883 1218 2917 »
1230 2863 1338 2922 indicia
1356 2864 1413 2920 dio·

314 2950 433 3007 larisse'’
462 2951 499 3007 de
525 2951 589 3006 iure
610 2949 788 3014 Frisionum‚
808 2967 883 3024 quae
902 2950 1012 3007 adiecta
1031 2960 1100 3007 snut
1118 2951 1176 3028 legi
1195 2949 1369 3017 Frisicnunr‚
1386 2963 1412 3010 et

311 3047 423 3114 partem
454 3040 564 3095 faciunt
594 3038 783 3096 additamenti
812 3037 882 3114 legis
910 3038 1048 3103 Frisicae.
1075 3040 1153 3115 quod
1182 3041 1352 3118 inscriptum
1373 3051 1412 3100 est

311 3127 448 3185 Addita'o
483 3130 661 3201 sapientum.
714 3126 751 3183 In
779 3127 955 3203 praefatione
984 3128 1007 3188 l.
1036 3128 1109 3186 Fris.
1141 3149 1171 3206 p.
1192 3129 1275 3187 XLII
1295 3133 1409 3209 exposui

311 3215 521 3272 »Additionem
548 3215 732 3292 sapientum'’
765 3224 892 3292 tempore
923 3216 1024 3274 Karoli
1054 3217 1152 3293 Magni
1179 3220 1316 3296 scriptam
1343 3241 1410 3285 esse,

310 3313 397 3380 atque
424 3303 533 3362 ibidem
567 3324 596 3380 p.
617 3303 694 3363 XLV
714 3304 1052 3369 conieci,Wulen1arunr
1072 3317 1099 3364 et
1119 3309 1323 3367 Saxmundum
1344 3331 1410 3368 esa·

307 3393 436 3470 pientes”
469 3412 547 3451 anno
575 3391 634 3452 802
665 3393 840 3470 lquisgrani
861 3404 984 3452 versatos
1002 3396 1089 3452 fuisse
1108 3398 1140 3454 in
1160 3415 1283 3454 numero
1302 3419 1408 3464 eorum.

307 3501 379 3558 quos
409 3483 528 3540 annales
555 3482 814 3540 Laureslramenses
840 3483 1016 3560 legislatores
1039 3495 1149 3544 vocant.
1188 3487 1253 3545 Non
1273 3489 1407 3565 estquod

306 3574 360 3630 hcc
389 3573 452 3630 loco
483 3572 663 3650 argumentis
681 3574 803 3631 refutem
822 3573 989 3650 opinionem
1010 3575 1126 3632 lloroldi
1146 3584 1174 3633 et
1193 3576 1325 3634 Montani
1346 3579 1407 3636 Ilet-

306 3672 394 3728 tema‚
424 3682 549 3739 quorum
581 3663 632 3720 ille
662 3663 865 3722 Saxmuudum
895 3664 1009 3722 saeculo
1038 3673 1127 3729 sexto.
1145 3665 1194 3722 hic
1213 3684 1280 3723 sero
1298 3668 1407 3726 maculo

305 3752 378 3810 XIII
397 3752 557 3827 adscripsit,
578 3752 640 3810 ride
659 3753 752 3828 praef.
773 3772 802 3829 p.
822 3751 888 3809 XIX
908 3763 968 3810 not.
988 3753 1036 3811 24.

348 3838 378 3874 ¹⁴
420 3838 456 3895 In
485 3857 548 3914 cap.
579 3839 616 3897 46
646 3839 691 3898 tit.
721 3838 805 3896 XXII
834 3839 905 3916 legis
931 3840 1004 3899 ltris.
1025 3841 1211 3900 constitutum
1231 3853 1284 3910 est,
1304 3855 1336 3902 ut
1358 3846 1407 3902 »si

304 3927 370 4004 quis
398 3935 489 3984 totum
509 3927 625 3985 oculum
646 3929 765 3993 eruerit,
787 3927 967 3986 medietatem
988 3930 1133 4009 weregildi
1153 3932 1198 3987 sui
1218 3941 1408 4010 componat”;

303 4016 382 4093 quod
408 4017 441 4073 in
470 4036 532 4093 cap.
554 4015 591 4074 47
612 4025 641 4074 et
660 4015 700 4075 48
718 4018 762 4075 tit.
785 4016 828 4075 Ill
848 4019 920 4076 Idd.
947 4019 1015 4095 Sap.
1036 4020 1076 4077 ita
1097 4021 1282 4080 emendatum
1302 4033 1362 4082 est:
1382 4028 1408 4081 ei

303 4110 372 4182 quia
401 4109 518 4164 certem
547 4109 724 4172 excreseeret,
754 4115 801 4164 ter
831 4105 869 4165 40
888 4108 999 4164 solidos
1018 4117 1196 4183 componat;
1215 4113 1244 4166 ai
1262 4131 1320 4170 non
1341 4133 1407 4172 ocn-

303 4198 366 4254 lum
396 4199 561 4253 semasserit
590 4197 643 4254 sad
667 4198 815 4272 pupillos,
848 4206 894 4254 ter
922 4196 960 4255 20
989 4200 1043 4256 eol.
1063 4218 1156 4274 comp.
1196 4198 1325 4275 Quorum
1346 4219 1406 4260 ver-

302 4289 411 4347 berum,
435 4286 595 4344 testimonio
627 4286 813 4346 Wulemarus
847 4288 908 4342 loco
938 4288 1087 4363 weregeldi
1119 4289 1244 4354 dimidii,
1275 4291 1352 4366 quod
1371 4310 1404 4347 ex
