3020 5174
351 425 393 494 46
620 430 649 494 T
671 446 684 491 1
706 446 738 494 r.
759 429 806 494 ΙΙ.
848 431 862 514 5
885 427 997 493 ll·T
1020 447 1033 492 1
1056 447 1089 497 u.
1111 433 1175 497 ΙΙΙ.

391 628 422 664 ³⁸
467 625 550 687 (loni.
569 635 630 684 not.
648 617 695 682 25.
1300 647 1303 653 ·

326 781 334 795 .
392 717 421 754 ³⁸
464 713 598 795 Cupitulu
620 711 689 772 l-¹l
708 714 786 773 tituli
815 711 893 771 tertii
921 715 958 772 sd
985 713 1107 773 Frisium
1134 715 1263 776 mediam
1294 719 1448 794 perimere.

348 805 506 885 weregeldo
533 803 659 863 hominis
686 803 792 862 nobilis
829 799 1052 871 demonstretur,
1081 805 1181 862 solidis
1207 804 1249 864 80
1281 808 1447 873 aestimator

347 897 472 974 capitulo
491 895 510 955 8
529 904 557 954 et
576 893 597 954 9
616 903 712 952 autem
740 892 867 950 eiusdem
896 891 972 950 tituli
998 894 1037 951 ad
1057 892 1179 952 Frisium
1198 893 1375 954 orientalem
1394 917 1447 956 esse

347 986 511 1052 referende,
548 982 613 1043 ride
643 991 703 1043 not.
734 982 781 1041 48.
822 978 871 1040 lus
901 981 973 1040 sum
1003 1001 1062 1041 nou
1092 983 1170 1042 idem
1200 995 1264 1044 erut
1295 986 1330 1043 in
1361 986 1447 1046 loisis

347 1075 443 1135 medis
471 1085 500 1133 et
520 1072 666 1140 orientali,
683 1082 712 1131 et
731 1073 809 1149 quod
828 1071 938 1150 priores
958 1073 1029 1150 legis
1048 1072 1172 1131 Frisiore
1191 1074 1271 1132 tituli
1292 1075 1331 1132 de
1351 1077 1444 1136 eodem

346 1165 512 1244 proferunt,
540 1161 757 1240 posterioribus.
786 1179 859 1238 quos
878 1161 969 1218 serius
988 1161 1044 1240 legi
1064 1163 1176 1220 additos
1195 1181 1315 1230 oenseo.
1334 1177 1444 1226 auoturu

347 1256 392 1313 rel
411 1253 598 1312 emendatum
616 1261 668 1311 est.
707 1249 841 1330 capitula
866 1251 935 1307 t-t
957 1250 1034 1309 lituli
1054 1254 1130 1310 tertii
1150 1256 1194 1312 ius
1213 1253 1330 1313 Frisiae
1341 1257 1443 1314 medior

346 1345 383 1402 de
411 1345 490 1402 furio
515 1344 557 1400 ite
576 1343 717 1406 referunt,
736 1349 767 1399 ut
787 1341 837 1398 fur
856 1339 934 1416 quod
953 1341 1073 1408 abstulit
1092 1341 1123 1399 iu
1143 1342 1233 1422 duplo
1255 1346 1399 1411 restituat.
1415 1365 1443 1404 uo

345 1435 407 1512 regi
437 1433 527 1491 solvat
554 1431 680 1497 fredam.
707 1449 783 1508 quae
810 1431 944 1488 oonsisur
971 1432 1004 1488 iu
1032 1431 1191 1509 weregeldo
1210 1433 1315 1510 ipsius.
1356 1435 1442 1493 Titulo

344 1523 386 1582 [Χ
411 1519 571 1582 Addiliouis
591 1521 612 1580 l.
640 1519 713 1580 llrls.
741 1519 818 1578 idem
837 1519 883 1578 ius
903 1530 1068 1587 renovetur,
1084 1522 1168 1579 freda
1186 1523 1239 1580 ills
1261 1523 1442 1583 nullomodo

343 1613 498 1692 triplicate,
525 1627 614 1689 quem
642 1612 688 1668 lex
717 1609 887 1674 definieratr
916 1619 944 1667 et
972 1610 1003 1669 iu
1023 1611 1108 1669 titulo
1128 1609 1142 1669 l
1162 1613 1331 1672 Additionis
1351 1615 1440 1692 oapi

343 1704 384 1762 itu
404 1703 590 1762 ooustilulum
618 1708 671 1766 est,
697 1709 729 1757 ut
758 1699 808 1776 qui
836 1700 949 1757 furlum
967 1701 1067 1758 fecerit
1085 1701 1153 1777 equi
1172 1711 1224 1759 aut
1246 1704 1341 1769 boris,
1361 1725 1376 1758 r
1396 1714 1438 1762 aut

340 1811 491 1851 somonam
520 1791 678 1868 effregerit,
705 1789 821 1868 capitali
849 1790 989 1848 sententis
1017 1790 1169 1868 punietur,
1189 1791 1233 1848 rel
1252 1794 1348 1853 vitam
1368 1811 1438 1852 suam

342 1883 434 1962 pretio
463 1879 626 1944 redimst'';
655 1899 734 1954 quae
754 1879 843 1938 rerba
861 1879 901 1937 ita
920 1887 989 1938 sunt
1008 1879 1240 1957 interpretenda,
1261 1892 1296 1941 ut
1314 1883 1365 1940 iur
1381 1882 1437 1938 illa·

342 1993 409 2032 rum
440 1990 538 2030 rerum
569 1968 759 2046 weregeldum
790 1989 875 2026 suum
904 1970 966 2026 looo
996 1967 1096 2027 iredue
1126 1971 1227 2033 solvat.
1271 1971 1367 2031 Tilulo
1401 1970 1437 2028 lll

343 2061 505 2121 Additionis
533 2079 598 2138 oop.
618 2058 752 2116 rufaria
772 2059 969 2137 sepulcrorum
991 2059 1157 2137 vulgaribus
1177 2061 1265 2121 furtis
1284 2077 1436 2138 exsequor·

343 2162 402 2210 tur.
443 2147 538 2209 Titulo
566 2147 622 2209 ill
651 2147 812 2206 Additiouis
841 2149 959 2206 taudem
993 2150 1071 2206 nolio
1090 2159 1118 2206 et
1137 2151 1181 2208 ris
1200 2152 1277 2208 furti
1296 2153 1339 2209 ita
1357 2149 1436 2226 expli·

340 2250 437 2306 foster,
459 2246 489 2297 ul
509 2239 560 2318 qui
580 2257 597 2291 o
616 2257 661 2296 res
680 2239 835 2315 fugitivas’
856 2238 999 2316 possideat
1029 2248 1056 2296 el
1086 2258 1146 2296 uou
1175 2239 1293 2306 reddat,
1313 2241 1433 2299 deiurio

343 2331 509 2396 damnetur,
526 2349 619 2404 neque
638 2338 735 2386 umen
755 2329 881 2405 pretium
902 2326 1011 2408 duplex
1031 2329 1072 2386 rei
1092 2328 1216 2388 furtivae
1236 2331 1376 2394 exsoluat.
1393 2327 1432 2384 sed

342 2430 455 2480 tautum
476 2441 492 2475 »
513 2417 615 2478 reddat
635 2427 685 2476 aut
715 2418 810 2495 ipsum
840 2417 918 2493 quod
948 2417 1073 2481 sustulit,
1102 2429 1152 2477 aut
1171 2419 1254 2480 eliud
1275 2419 1379 2482 simile,
1396 2416 1431 2475 rel

340 2511 466 2588 pretium
495 2509 587 2568 eius'’.
628 2505 716 2565 Plane
744 2507 891 2565 divorsum
920 2516 963 2564 ert
993 2507 1038 2563 ius
1068 2506 1149 2573 furti.
1178 2509 1260 2584 quud
1292 2510 1323 2566 lu
1353 2505 1430 2565 rusia

341 2599 476 2658 orientali
505 2599 636 2676 vigebat:
666 2597 793 2674 ospitula
822 2595 928 2654 8019
950 2596 1025 2653 tituli
1053 2595 1096 2654 Ill
1117 2597 1157 2657 ltu
1175 2599 1326 2665 sanciunt,
1345 2607 1375 2656 ut
1391 2597 1430 2652 fur
1480 2595 1481 2656 l

340 2691 465 2768 pretium
495 2687 538 2748 rei
568 2686 691 2745 furtivae
712 2707 728 2739 o
750 2687 783 2743 iu
803 2685 926 2763 simplo”
959 2687 1099 2752 restituet.
1128 2687 1190 2746 loeo
1219 2687 1332 2753 fredos,
1359 2685 1429 2745 otio
1479 2679 1480 2732 l

338 2778 430 2836 'l'risie
450 2777 556 2843 modia,
576 2776 766 2854 weregeldum
786 2794 870 2832 suum
883 2775 1003 2852 pendet,
1018 2782 1164 2856 praeterea
1181 2785 1426 2834 solummodum
1478 2753 1479 2806 l

341 2867 380 2928 60
408 2868 506 2926 solidis
535 2866 691 2931 redimat''‚
717 2866 737 2924 i.
756 2885 784 2924 e.
806 2866 950 2930 brunum,
970 2885 1056 2942 quem
1076 2866 1177 2924 dieunt
1195 2867 1322 2946 regium,
1341 2866 1426 2926 solvet,
1476 2897 1477 2958 l

340 2957 461 3016 Frisium
481 2955 685 3014 oooideutalem
706 2956 769 3012 iure
789 2955 898 3013 Frisiao
919 2956 1029 3018 mediae
1049 2974 1131 3019 usam
1150 2955 1251 3024 tuisse,
1268 2957 1426 3016 ooufirmart
1474 2975 1476 3034 4

339 3048 466 3124 oepitula
501 3045 520 3104 3
550 3053 577 3103 et
606 3045 625 3102 7
657 3044 734 3102 tituli
764 3043 841 3104 ΧΠ.
882 3044 922 3103 lle
960 3045 1038 3104 furto
1068 3045 1140 3106 iuris
1170 3046 1335 3106 Germanioi
1362 3040 1423 3101 ooul·
1473 3041 1475 3110 l

340 3136 439 3196 Wildu
451 3157 481 3218 p.
492 3134 562 3200 859,
582 3134 695 3191 Ko'sllin
717 3135 749 3191 iu
770 3134 1049 3196 &tritemorian
1070 3133 1123 3193 111.
1144 3155 1210 3218 pag.
1235 3136 1302 3203 149,
1322 3128 1424 3198 soluit

337 3226 454 3304 Angelu,
474 3225 538 3284 Ges.
557 3245 588 3302 p.
608 3222 676 3282 5511.

383 3315 414 3356 ⁵⁰
456 3313 592 3371 Formam
621 3313 696 3372 roois
726 3315 857 3373 tliuldu
886 3313 1008 3371 dialecto
1036 3313 1146 3372 frisiae
1166 3316 1280 3374 mediae
1298 3323 1326 3372 et
1343 3310 1423 3371 orion·

337 3403 405 3464 tulis
432 3423 492 3462 uou
519 3423 578 3461 osso
606 3404 794 3469 oonlormem‚
814 3404 974 3462 {estimonio
992 3410 1034 3461 esi
1052 3403 1149 3463 littera
1169 3407 1186 3463 ὂ
1205 3405 1236 3462 iu
1257 3403 1351 3468 medio
1369 3412 1421 3456 root

336 3496 443 3582 posita,
472 3513 559 3570 quam
590 3495 622 3552 iu
660 3494 782 3553 disleolo
811 3495 946 3553 theotisca
975 3493 1121 3571 superiore
1150 3495 1298 3560 usitatum.
1325 3482 1421 3548 dialecti

336 3587 407 3648 illae
436 3585 560 3646 Frisioae
588 3584 619 3642 iu
645 3584 772 3642 litteram
784 3586 814 3660 s
827 3584 871 3642 rel
892 3603 910 3640 o
930 3591 1055 3647 mutent,
1074 3583 1130 3641 uisi
1149 3584 1185 3641 sit
1204 3603 1271 3644 oum
1289 3583 1381 3640 littere
1396 3591 1419 3630 m

340 3675 493 3735 ooniuuotu
523 3674 556 3747 (i.
577 3692 602 3732 e.
623 3674 693 3750 mh).
723 3672 784 3730 Fur
812 3673 920 3730 dieitur
946 3673 978 3729 iu
1006 3671 1127 3730 dloleoto
1157 3672 1265 3732 Frisios
1292 3661 1419 3729 orientalis

338 3769 428 3840 titios
440 3763 542 3842 (gerit.
563 3765 703 3840 diriores),
719 3763 752 3820 iu
771 3762 892 3820 diuleoto
911 3761 1019 3821 Frisiuo
1039 3763 1151 3822 medius
1170 3765 1233 3841 ties
1235 3767 1312 3841 (geu.
1323 3751 1417 3826 tiore),

338 3855 416 3914 oonf.
436 3851 526 3910 Fries.
545 3849 615 3910 Wb.
635 3873 665 3934 p.
689 3851 777 3916 loth
799 3851 953 3930 Auglosux.
974 3839 1060 3917 ’δοθῇ
1079 3839 1166 3919 δαίς
1186 3852 1294 3914 Islend.
1313 3845 1417 3919 thiosro'

339 3958 372 4018 in
409 3955 530 4013 disleoto
567 3955 706 4033 poematis
744 3952 886 4011 lleliundz
917 3955 1006 4022 stirs,
1044 3955 1132 4028 theos
1152 3954 1254 4031 (gem't.
1292 3943 1415 4008 tliodltl·

338 4045 476 4122 theores),
501 4045 661 4114 Sohmeller
690 4044 778 4103 Gloss.
799 4043 866 4105 Sex.
886 4063 916 4120 p.
938 4042 1010 4110 115;
1030 4044 1062 4101 iu
1081 4043 1153 4103 dial.
1172 4045 1279 4102 Frisios
1297 4031 1415 4097 oooideul

336 4136 415 4212 dief,
444 4133 549 4200 lloudl.
580 4152 607 4192 r.
627 4132 750 4192 Zoelend
769 4153 796 4191 u.
821 4131 896 4194 1290
914 4133 928 4210 ᾖ
948 4133 995 4191 71.
1017 4131 1066 4199 78.
1093 4133 1191 4195 Mieris
1210 4133 1235 4197 I.
1255 4153 1285 4215 p.
1305 4123 1371 4188 51⁷⁵
1389 4115 1413 4174 ll

336 4225 407 4291 dial.
437 4226 522 4286 theol.
552 4244 615 4306 sup.
644 4231 739 4283 vetere
768 4225 868 4302 thirrp,
898 4223 984 4288 diuo.
1011 4226 1104 4290 theod,
1122 4223 1207 4288 Graii
1223 4221 1260 4286 Y.
1277 4241 1306 4304 p.
1325 4213 1373 4275 97⁵
1389 4205 1413 4266 ll
