<?xml version="1.0" encoding="UTF-8"?>
<!DOCTYPE html PUBLIC "-//W3C//DTD XHTML 1.0 Transitional//EN"
    "http://www.w3.org/TR/xhtml1/DTD/xhtml1-transitional.dtd">
<html xmlns="http://www.w3.org/1999/xhtml" xml:lang="en" lang="en">
 <head>
  <title>
</title>
<meta http-equiv="Content-Type" content="text/html;charset=utf-8" />
  <meta name='ocr-system' content='tesseract 3.04.00' />
  <meta name='ocr-capabilities' content='ocr_page ocr_carea ocr_par ocr_line ocrx_word'/>
</head>
<body>
  <div class='ocr_page' id='page_1' title='image "./delexfrisionumu00unkngoog_0076.png"; bbox 0 0 3020 5174; ppageno 0'>
   <div class='ocr_carea' id='block_1_1' title="bbox 502 439 799 496">
    <p class='ocr_par' dir='ltr' id='par_1_1' title="bbox 502 439 799 496">
     <span class='ocr_line' id='line_1_1' title="bbox 502 439 799 496; baseline 0.034 -10"><span class='ocrx_word' id='word_1_1' title='bbox 502 439 572 488; x_wconf 74' lang='lat' dir='ltr'><strong>Lex</strong></span> <span class='ocrx_word' id='word_1_2' title='bbox 593 445 799 496; x_wconf 69' lang='lat' dir='ltr'><strong>remorum.</strong></span> 
     </span>
    </p>
   </div>
   <div class='ocr_carea' id='block_1_2' title="bbox 631 667 667 714">
    <p class='ocr_par' dir='ltr' id='par_1_2' title="bbox 631 667 667 714">
     <span class='ocr_line' id='line_1_2' title="bbox 631 667 667 714; baseline 0 0"><span class='ocrx_word' id='word_1_3' title='bbox 631 667 667 714; x_wconf 89' lang='lat'><strong>11.</strong></span> 
     </span>
    </p>
   </div>
   <div class='ocr_carea' id='block_1_3' title="bbox 88 727 1194 912">
    <p class='ocr_par' dir='ltr' id='par_1_3' title="bbox 88 727 1194 912">
     <span class='ocr_line' id='line_1_3' title="bbox 146 727 1194 847; baseline 0.031 -42"><span class='ocrx_word' id='word_1_4' title='bbox 146 739 327 830; x_wconf 73' lang='lat' dir='ltr'><em>Compositio</em></span> <span class='ocrx_word' id='word_1_5' title='bbox 358 727 475 828; x_wconf 36' lang='lat' dir='ltr'><strong>liboris</strong></span> <span class='ocrx_word' id='word_1_6' title='bbox 495 752 592 818; x_wconf 80' lang='lat' dir='ltr'><strong>librae</strong></span> <span class='ocrx_word' id='word_1_7' title='bbox 616 754 650 821; x_wconf 88' lang='lat' dir='ltr'>V</span> <span class='ocrx_word' id='word_1_8' title='bbox 674 771 702 822; x_wconf 82' lang='lat' dir='ltr'><strong>ot</strong></span> <span class='ocrx_word' id='word_1_9' title='bbox 727 761 860 831; x_wconf 82' lang='lat' dir='ltr'><strong>dimidio</strong></span> <span class='ocrx_word' id='word_1_10' title='bbox 878 786 939 847; x_wconf 78' lang='lat' dir='ltr'><strong>por</strong></span> <span class='ocrx_word' id='word_1_11' title='bbox 964 772 1194 837; x_wconf 75' lang='lat' dir='ltr'><strong>oeteroo&#39;dono·</strong></span> 
     </span>
     <span class='ocr_line' id='line_1_4' title="bbox 88 869 164 912; baseline 0.026 -5"><span class='ocrx_word' id='word_1_12' title='bbox 88 869 164 912; x_wconf 71' lang='lat' dir='ltr'><em>roos.</em></span> 
     </span>
    </p>
   </div>
   <div class='ocr_carea' id='block_1_4' title="bbox 80 985 1193 1466">
    <p class='ocr_par' dir='ltr' id='par_1_4' title="bbox 80 985 1193 1466">
     <span class='ocr_line' id='line_1_5' title="bbox 618 985 848 1034; baseline 0.004 -1"><span class='ocrx_word' id='word_1_13' title='bbox 618 985 669 1034; x_wconf 85' lang='lat' dir='ltr'><strong>m.</strong></span> <span class='ocrx_word' id='word_1_14' title='bbox 846 1031 848 1034; x_wconf 76' lang='grc'>,</span> 
     </span>
     <span class='ocr_line' id='line_1_6' title="bbox 144 1057 1193 1168; baseline 0.029 -45"><span class='ocrx_word' id='word_1_15' title='bbox 144 1057 330 1146; x_wconf 77' lang='lat' dir='ltr'><strong>,Compositio</strong></span> <span class='ocrx_word' id='word_1_16' title='bbox 362 1066 425 1144; x_wconf 78' lang='lat' dir='ltr'><strong>liti,</strong></span> <span class='ocrx_word' id='word_1_17' title='bbox 462 1068 558 1134; x_wconf 77' lang='lat' dir='ltr'><em>liboae</em></span> <span class='ocrx_word' id='word_1_18' title='bbox 589 1071 625 1136; x_wconf 94' lang='lat' dir='ltr'><strong>II</strong></span> <span class='ocrx_word' id='word_1_19' title='bbox 659 1087 686 1138; x_wconf 81' lang='lat' dir='ltr'><strong>ot</strong></span> <span class='ocrx_word' id='word_1_20' title='bbox 716 1079 822 1166; x_wconf 70' lang='lat' dir='ltr'><strong>roooioo</strong></span> <span class='ocrx_word' id='word_1_21' title='bbox 853 1077 925 1158; x_wconf 86' lang='lat' dir='ltr'><strong>IX,</strong></span> <span class='ocrx_word' id='word_1_22' title='bbox 963 1104 999 1147; x_wconf 81' lang='lat' dir='ltr'><strong>oo</strong></span> <span class='ocrx_word' id='word_1_23' title='bbox 1031 1106 1091 1168; x_wconf 78' lang='lat' dir='ltr'><strong>quo</strong></span> <span class='ocrx_word' id='word_1_24' title='bbox 1116 1089 1193 1154; x_wconf 85' lang='lat' dir='ltr'><strong>duoo</strong></span> 
     </span>
     <span class='ocr_line' id='line_1_7' title="bbox 80 1169 1160 1272; baseline 0.028 -47"><span class='ocrx_word' id='word_1_25' title='bbox 80 1176 195 1246; x_wconf 76' lang='lat' dir='ltr'><strong>portos</strong></span> <span class='ocrx_word' id='word_1_26' title='bbox 219 1169 263 1230; x_wconf 83' lang='lat' dir='ltr'><strong>od</strong></span> <span class='ocrx_word' id='word_1_27' title='bbox 285 1171 441 1236; x_wconf 77' lang='lat' dir='ltr'><strong>dominum</strong></span> <span class='ocrx_word' id='word_1_28' title='bbox 460 1179 630 1259; x_wconf 79' lang='lat' dir='ltr'><strong>portinent,</strong></span> <span class='ocrx_word' id='word_1_29' title='bbox 654 1183 745 1245; x_wconf 80' lang='lat' dir='ltr'><strong>tortio</strong></span> <span class='ocrx_word' id='word_1_30' title='bbox 770 1185 813 1245; x_wconf 83' lang='lat' dir='ltr'><strong>ad</strong></span> <span class='ocrx_word' id='word_1_31' title='bbox 830 1187 1024 1272; x_wconf 74' lang='lat' dir='ltr'><strong>propinquos</strong></span> <span class='ocrx_word' id='word_1_32' title='bbox 1047 1193 1117 1254; x_wconf 80' lang='lat' dir='ltr'><strong>eius.</strong></span> <span class='ocrx_word' id='word_1_33' title='bbox 1155 1213 1160 1220; x_wconf 91' lang='lat'>·</span> 
     </span>
     <span class='ocr_line' id='line_1_8' title="bbox 619 1303 667 1349; baseline 0 -1"><span class='ocrx_word' id='word_1_34' title='bbox 619 1303 667 1349; x_wconf 80' lang='lat' dir='ltr'><strong>IV·</strong></span> 
     </span>
     <span class='ocr_line' id='line_1_9' title="bbox 143 1375 1113 1466; baseline 0.028 -28"><span class='ocrx_word' id='word_1_35' title='bbox 143 1375 326 1462; x_wconf 76' lang='lat' dir='ltr'><em>Compositio</em></span> <span class='ocrx_word' id='word_1_36' title='bbox 351 1387 431 1448; x_wconf 79' lang='lat' dir='ltr'><strong>servi</strong></span> <span class='ocrx_word' id='word_1_37' title='bbox 448 1392 497 1466; x_wconf 77' lang='grc'><strong>24,</strong></span> <span class='ocrx_word' id='word_1_38' title='bbox 522 1389 603 1452; x_wconf 80' lang='lat' dir='ltr'><strong>libro</strong></span> <span class='ocrx_word' id='word_1_39' title='bbox 627 1390 645 1454; x_wconf 95' lang='lat' dir='ltr'>I</span> <span class='ocrx_word' id='word_1_40' title='bbox 669 1405 697 1455; x_wconf 86' lang='lat' dir='ltr'><strong>ot</strong></span> <span class='ocrx_word' id='word_1_41' title='bbox 719 1398 825 1458; x_wconf 74' lang='lat' dir='ltr'><strong>unciae</strong></span> <span class='ocrx_word' id='word_1_42' title='bbox 848 1395 900 1460; x_wconf 93' lang='lat' dir='ltr'><strong>IV</strong></span> <span class='ocrx_word' id='word_1_43' title='bbox 925 1409 952 1460; x_wconf 82' lang='lat' dir='ltr'><strong>ot</strong></span> <span class='ocrx_word' id='word_1_44' title='bbox 975 1401 1113 1466; x_wconf 81' lang='lat' dir='ltr'><strong>dimidio.</strong></span> 
     </span>
    </p>
   </div>
   <div class='ocr_carea' id='block_1_5' title="bbox 205 1686 1070 1973">
    <p class='ocr_par' dir='ltr' id='par_1_5' title="bbox 205 1686 1070 1973">
     <span class='ocr_line' id='line_1_10' title="bbox 486 1686 793 1759; baseline 0.029 -9"><span class='ocrx_word' id='word_1_45' title='bbox 486 1686 515 1750; x_wconf 91' lang='grc' dir='ltr'>Τ</span> <span class='ocrx_word' id='word_1_46' title='bbox 539 1689 557 1753; x_wconf 95' lang='grc' dir='ltr'><strong>Ι</strong></span> <span class='ocrx_word' id='word_1_47' title='bbox 581 1690 619 1754; x_wconf 88' lang='grc' dir='ltr'><strong>Τ.</strong></span> <span class='ocrx_word' id='word_1_48' title='bbox 643 1691 733 1759; x_wconf 91' lang='lat' dir='ltr'><strong>XVI</strong></span> <span class='ocrx_word' id='word_1_49' title='bbox 751 1699 793 1759; x_wconf 80' lang='lat'><strong>2⁵.</strong></span> 
     </span>
     <span class='ocr_line' id='line_1_11' title="bbox 205 1907 1070 1973; baseline 0.023 -22"><span class='ocrx_word' id='word_1_50' title='bbox 205 1907 313 1954; x_wconf 72' lang='lat' dir='ltr'><strong>mrem</strong></span> <span class='ocrx_word' id='word_1_51' title='bbox 336 1909 494 1956; x_wconf 62' lang='lat' dir='ltr'><strong>modeim</strong></span> <span class='ocrx_word' id='word_1_52' title='bbox 519 1913 564 1957; x_wconf 80' lang='lat' dir='ltr'><strong>ror</strong></span> <span class='ocrx_word' id='word_1_53' title='bbox 588 1912 791 1961; x_wconf 71' lang='lat' dir='ltr'><strong>emoromm</strong></span> <span class='ocrx_word' id='word_1_54' title='bbox 817 1918 865 1962; x_wconf 76' lang='lat' dir='ltr'><strong>oro</strong></span> <span class='ocrx_word' id='word_1_55' title='bbox 890 1920 1070 1973; x_wconf 70' lang='lat' dir='ltr'><strong>roronem.</strong></span> 
     </span>
    </p>
   </div>
   <div class='ocr_carea' id='block_1_6' title="bbox 79 2119 1189 2392">
    <p class='ocr_par' dir='ltr' id='par_1_6' title="bbox 79 2119 1189 2392">
     <span class='ocr_line' id='line_1_12' title="bbox 631 2119 653 2164; baseline -0.091 0"><span class='ocrx_word' id='word_1_56' title='bbox 631 2119 653 2164; x_wconf 88' lang='grc' dir='ltr'><strong>Ι.</strong></span> 
     </span>
     <span class='ocr_line' id='line_1_13' title="bbox 132 2197 1189 2296; baseline 0.024 -35"><span class='ocrx_word' id='word_1_57' title='bbox 132 2197 185 2263; x_wconf 92' lang='lat' dir='ltr'><strong>De</strong></span> <span class='ocrx_word' id='word_1_58' title='bbox 221 2199 391 2265; x_wconf 89' lang='lat' dir='ltr'><strong>homicidio</strong></span> <span class='ocrx_word' id='word_1_59' title='bbox 427 2203 468 2266; x_wconf 85' lang='lat' dir='ltr'><strong>ad</strong></span> <span class='ocrx_word' id='word_1_60' title='bbox 505 2218 627 2289; x_wconf 82' lang='lat' dir='ltr'><strong>partem</strong></span> <span class='ocrx_word' id='word_1_61' title='bbox 666 2205 855 2274; x_wconf 84' lang='lat' dir='ltr'><strong>dominicam</strong></span> <span class='ocrx_word' id='word_1_62' title='bbox 880 2234 938 2296; x_wconf 87' lang='lat' dir='ltr'><strong>pro</strong></span> <span class='ocrx_word' id='word_1_63' title='bbox 963 2213 1053 2281; x_wconf 85' lang='lat' dir='ltr'><strong>fredo</strong></span> <span class='ocrx_word' id='word_1_64' title='bbox 1077 2217 1189 2286; x_wconf 88' lang='lat' dir='ltr'><strong>XXX</strong></span> 
     </span>
     <span class='ocr_line' id='line_1_14' title="bbox 79 2303 1126 2392; baseline 0.022 -26"><span class='ocrx_word' id='word_1_65' title='bbox 79 2303 177 2368; x_wconf 87' lang='lat' dir='ltr'><strong>solidi</strong></span> <span class='ocrx_word' id='word_1_66' title='bbox 202 2320 454 2392; x_wconf 85' lang='lat' dir='ltr'><strong>componuntur,</strong></span> <span class='ocrx_word' id='word_1_67' title='bbox 479 2311 534 2392; x_wconf 89' lang='lat' dir='ltr'><strong>qui</strong></span> <span class='ocrx_word' id='word_1_68' title='bbox 560 2309 680 2375; x_wconf 88' lang='lat' dir='ltr'><strong>solidus</strong></span> <span class='ocrx_word' id='word_1_69' title='bbox 704 2313 807 2377; x_wconf 87' lang='lat' dir='ltr'><strong>tribus</strong></span> <span class='ocrx_word' id='word_1_70' title='bbox 832 2313 969 2383; x_wconf 85' lang='lat' dir='ltr'><strong>denariis</strong></span> <span class='ocrx_word' id='word_1_71' title='bbox 994 2334 1126 2389; x_wconf 89' lang='lat' dir='ltr'><strong>constat.</strong></span> 
     </span>
    </p>
   </div>
   <div class='ocr_carea' id='block_1_7' title="bbox 476 2603 844 2680">
    <p class='ocr_par' dir='ltr' id='par_1_7' title="bbox 476 2603 844 2680">
     <span class='ocr_line' id='line_1_15' title="bbox 476 2603 844 2680; baseline 0.011 -4"><span class='ocrx_word' id='word_1_72' title='bbox 476 2612 505 2676; x_wconf 87' lang='grc' dir='ltr'><strong>Τ</strong></span> <span class='ocrx_word' id='word_1_73' title='bbox 531 2612 547 2674; x_wconf 91' lang='grc' dir='ltr'>Ι</span> <span class='ocrx_word' id='word_1_74' title='bbox 573 2613 610 2676; x_wconf 85' lang='grc' dir='ltr'><strong>Τ.</strong></span> <span class='ocrx_word' id='word_1_75' title='bbox 635 2613 744 2678; x_wconf 91' lang='lat' dir='ltr'>XVII</span> <span class='ocrx_word' id='word_1_76' title='bbox 763 2619 804 2680; x_wconf 82' lang='grc'><strong>27.</strong></span> <span class='ocrx_word' id='word_1_77' title='bbox 840 2603 844 2612; x_wconf 73' lang='grc'>’</span> 
     </span>
    </p>
   </div>
   <div class='ocr_carea' id='block_1_8' title="bbox 472 2831 796 2883">
    <p class='ocr_par' dir='ltr' id='par_1_8' title="bbox 472 2831 796 2883">
     <span class='ocr_line' id='line_1_16' title="bbox 472 2831 796 2883; baseline 0.012 -6"><span class='ocrx_word' id='word_1_78' title='bbox 472 2831 534 2878; x_wconf 82' lang='lat' dir='ltr'><strong>HIC</strong></span> <span class='ocrx_word' id='word_1_79' title='bbox 558 2833 698 2881; x_wconf 75' lang='lat' dir='ltr'><strong>BANNUS</strong></span> <span class='ocrx_word' id='word_1_80' title='bbox 723 2835 796 2883; x_wconf 79' lang='lat' dir='ltr'><strong>EST.</strong></span> 
     </span>
    </p>
   </div>
   <div class='ocr_carea' id='block_1_9' title="bbox 75 3009 1182 3322">
    <p class='ocr_par' dir='ltr' id='par_1_9' title="bbox 75 3009 1182 3322">
     <span class='ocr_line' id='line_1_17' title="bbox 578 3009 666 3084; baseline 0.023 -2"><span class='ocrx_word' id='word_1_81' title='bbox 578 3009 666 3084; x_wconf 65' lang='lat'><strong>¹1²⁵³.</strong></span> 
     </span>
     <span class='ocr_line' id='line_1_18' title="bbox 126 3124 1182 3212; baseline 0.015 -21"><span class='ocrx_word' id='word_1_82' title='bbox 126 3124 163 3191; x_wconf 85' lang='lat' dir='ltr'><strong>Si</strong></span> <span class='ocrx_word' id='word_1_83' title='bbox 195 3128 267 3212; x_wconf 84' lang='lat' dir='ltr'><strong>quis</strong></span> <span class='ocrx_word' id='word_1_84' title='bbox 298 3127 331 3189; x_wconf 89' lang='lat' dir='ltr'><strong>in</strong></span> <span class='ocrx_word' id='word_1_85' title='bbox 364 3124 506 3190; x_wconf 80' lang='lat' dir='ltr'><strong>exercitu</strong></span> <span class='ocrx_word' id='word_1_86' title='bbox 536 3124 622 3190; x_wconf 89' lang='lat' dir='ltr'><strong>litem</strong></span> <span class='ocrx_word' id='word_1_87' title='bbox 648 3126 872 3209; x_wconf 79' lang='lat' dir='ltr'><strong>concitaverit,</strong></span> <span class='ocrx_word' id='word_1_88' title='bbox 897 3135 1008 3200; x_wconf 89' lang='lat' dir='ltr'><strong>novies</strong></span> <span class='ocrx_word' id='word_1_89' title='bbox 1034 3136 1182 3208; x_wconf 82' lang='lat' dir='ltr'><strong>damnum</strong></span> 
     </span>
     <span class='ocr_line' id='line_1_19' title="bbox 75 3233 1181 3322; baseline 0.018 -26"><span class='ocrx_word' id='word_1_90' title='bbox 75 3233 167 3320; x_wconf 88' lang='lat' dir='ltr'><strong>quod</strong></span> <span class='ocrx_word' id='word_1_91' title='bbox 199 3233 305 3298; x_wconf 86' lang='lat' dir='ltr'><strong>effecit</strong></span> <span class='ocrx_word' id='word_1_92' title='bbox 332 3254 523 3317; x_wconf 84' lang='lat' dir='ltr'><strong>componere</strong></span> <span class='ocrx_word' id='word_1_93' title='bbox 548 3241 697 3320; x_wconf 85' lang='lat' dir='ltr'><strong>cogatur,</strong></span> <span class='ocrx_word' id='word_1_94' title='bbox 724 3235 821 3300; x_wconf 81' lang='lat' dir='ltr'><strong>etad</strong></span> <span class='ocrx_word' id='word_1_95' title='bbox 846 3249 969 3322; x_wconf 85' lang='lat' dir='ltr'><strong>partem</strong></span> <span class='ocrx_word' id='word_1_96' title='bbox 994 3242 1181 3316; x_wconf 85' lang='lat' dir='ltr'><strong>dominicam</strong></span> 
     </span>
    </p>
   </div>
   <div class='ocr_carea' id='block_1_10' title="bbox 74 3337 652 3508">
    <p class='ocr_par' dir='ltr' id='par_1_10' title="bbox 74 3337 652 3508">
     <span class='ocr_line' id='line_1_20' title="bbox 74 3337 532 3424; baseline -0.009 -19"><span class='ocrx_word' id='word_1_97' title='bbox 74 3341 189 3405; x_wconf 90' lang='lat' dir='ltr'><strong>novies</strong></span> <span class='ocrx_word' id='word_1_98' title='bbox 212 3338 336 3404; x_wconf 83' lang='lat' dir='ltr'><strong>fredam</strong></span> <span class='ocrx_word' id='word_1_99' title='bbox 361 3337 532 3424; x_wconf 79' lang='lat' dir='ltr'><strong>persolvat.</strong></span> 
     </span>
     <span class='ocr_line' id='line_1_21' title="bbox 615 3463 652 3508; baseline 0 0"><span class='ocrx_word' id='word_1_100' title='bbox 615 3463 652 3508; x_wconf 85' lang='lat'><strong>11.</strong></span> 
     </span>
    </p>
   </div>
   <div class='ocr_carea' id='block_1_11' title="bbox 66 3549 1180 4255">
    <p class='ocr_par' dir='ltr' id='par_1_11' title="bbox 71 3549 1180 3847">
     <span class='ocr_line' id='line_1_22' title="bbox 124 3549 1180 3634; baseline 0.009 -17"><span class='ocrx_word' id='word_1_101' title='bbox 124 3550 192 3634; x_wconf 81' lang='lat' dir='ltr'><strong>Qui</strong></span> <span class='ocrx_word' id='word_1_102' title='bbox 201 3555 232 3599; x_wconf 86' lang='grc'><strong>29</strong></span> <span class='ocrx_word' id='word_1_103' title='bbox 251 3553 283 3615; x_wconf 92' lang='lat' dir='ltr'><strong>in</strong></span> <span class='ocrx_word' id='word_1_104' title='bbox 301 3562 392 3616; x_wconf 85' lang='lat' dir='ltr'><strong>curte</strong></span> <span class='ocrx_word' id='word_1_105' title='bbox 410 3550 501 3614; x_wconf 87' lang='lat' dir='ltr'><strong>ducis</strong></span> <span class='ocrx_word' id='word_1_106' title='bbox 510 3554 552 3628; x_wconf 85' lang='lat'><strong>³⁰,</strong></span> <span class='ocrx_word' id='word_1_107' title='bbox 569 3550 601 3613; x_wconf 91' lang='lat' dir='ltr'><strong>in</strong></span> <span class='ocrx_word' id='word_1_108' title='bbox 619 3549 762 3628; x_wconf 85' lang='lat' dir='ltr'><strong>ecclesia,</strong></span> <span class='ocrx_word' id='word_1_109' title='bbox 779 3554 880 3618; x_wconf 82' lang='lat' dir='ltr'><strong>autin</strong></span> <span class='ocrx_word' id='word_1_110' title='bbox 895 3557 974 3620; x_wconf 82' lang='lat' dir='ltr'><strong>atrio</strong></span> <span class='ocrx_word' id='word_1_111' title='bbox 988 3559 1180 3626; x_wconf 83' lang='lat' dir='ltr'><strong>ecclesiae³1</strong></span> 
     </span>
     <span class='ocr_line' id='line_1_23' title="bbox 72 3654 1180 3748; baseline 0.008 -25"><span class='ocrx_word' id='word_1_112' title='bbox 72 3659 236 3724; x_wconf 87' lang='lat' dir='ltr'><strong>hominem</strong></span> <span class='ocrx_word' id='word_1_113' title='bbox 268 3656 437 3734; x_wconf 86' lang='lat' dir='ltr'><strong>occiderit,</strong></span> <span class='ocrx_word' id='word_1_114' title='bbox 471 3656 580 3719; x_wconf 85' lang='lat' dir='ltr'><strong>novies</strong></span> <span class='ocrx_word' id='word_1_115' title='bbox 612 3654 820 3742; x_wconf 78' lang='lat' dir='ltr'><strong>weregildum</strong></span> <span class='ocrx_word' id='word_1_116' title='bbox 845 3658 913 3722; x_wconf 87' lang='lat' dir='ltr'><strong>eius</strong></span> <span class='ocrx_word' id='word_1_117' title='bbox 937 3676 1119 3748; x_wconf 85' lang='lat' dir='ltr'><strong>componat,</strong></span> <span class='ocrx_word' id='word_1_118' title='bbox 1147 3682 1180 3735; x_wconf 82' lang='lat' dir='ltr'><strong>et</strong></span> 
     </span>
     <span class='ocr_line' id='line_1_24' title="bbox 71 3759 769 3847; baseline -0.006 -17"><span class='ocrx_word' id='word_1_119' title='bbox 71 3765 186 3832; x_wconf 89' lang='lat' dir='ltr'><strong>novies</strong></span> <span class='ocrx_word' id='word_1_120' title='bbox 209 3762 333 3829; x_wconf 86' lang='lat' dir='ltr'><strong>fredam</strong></span> <span class='ocrx_word' id='word_1_121' title='bbox 358 3760 397 3826; x_wconf 82' lang='lat' dir='ltr'><strong>ad</strong></span> <span class='ocrx_word' id='word_1_122' title='bbox 422 3772 545 3847; x_wconf 87' lang='lat' dir='ltr'><strong>partem</strong></span> <span class='ocrx_word' id='word_1_123' title='bbox 570 3759 769 3826; x_wconf 83' lang='lat' dir='ltr'><strong>dominicam.</strong></span> 
     </span>
    </p>

    <p class='ocr_par' dir='ltr' id='par_1_12' title="bbox 602 3884 653 3930">
     <span class='ocr_line' id='line_1_25' title="bbox 602 3884 653 3930; baseline 0 0"><span class='ocrx_word' id='word_1_124' title='bbox 602 3884 653 3930; x_wconf 91' lang='lat'>111.</span> 
     </span>
    </p>

    <p class='ocr_par' dir='ltr' id='par_1_13' title="bbox 66 3971 1177 4255">
     <span class='ocr_line' id='line_1_26' title="bbox 120 3971 1177 4061; baseline 0.01 -19"><span class='ocrx_word' id='word_1_125' title='bbox 120 3973 157 4043; x_wconf 87' lang='lat' dir='ltr'><strong>Si</strong></span> <span class='ocrx_word' id='word_1_126' title='bbox 193 3976 264 4061; x_wconf 87' lang='lat' dir='ltr'><strong>quis</strong></span> <span class='ocrx_word' id='word_1_127' title='bbox 300 3974 442 4058; x_wconf 83' lang='lat' dir='ltr'><strong>legatum</strong></span> <span class='ocrx_word' id='word_1_128' title='bbox 477 3972 561 4058; x_wconf 86' lang='lat' dir='ltr'><strong>regis</strong></span> <span class='ocrx_word' id='word_1_129' title='bbox 598 3971 648 4035; x_wconf 87' lang='lat' dir='ltr'><strong>vel</strong></span> <span class='ocrx_word' id='word_1_130' title='bbox 681 3971 812 4037; x_wconf 80' lang='lat' dir='ltr'><strong>ducis³3</strong></span> <span class='ocrx_word' id='word_1_131' title='bbox 838 3977 1006 4059; x_wconf 86' lang='lat' dir='ltr'><strong>occiderit,</strong></span> <span class='ocrx_word' id='word_1_132' title='bbox 1032 3983 1177 4054; x_wconf 84' lang='lat' dir='ltr'><strong>similiter</strong></span> 
     </span>
     <span class='ocr_line' id='line_1_27' title="bbox 68 4077 1174 4178; baseline -0.001 -30"><span class='ocrx_word' id='word_1_133' title='bbox 68 4083 184 4148; x_wconf 88' lang='lat' dir='ltr'><strong>novies</strong></span> <span class='ocrx_word' id='word_1_134' title='bbox 208 4081 299 4146; x_wconf 90' lang='lat' dir='ltr'><strong>illum</strong></span> <span class='ocrx_word' id='word_1_135' title='bbox 324 4088 502 4164; x_wconf 85' lang='lat' dir='ltr'><strong>componat,</strong></span> <span class='ocrx_word' id='word_1_136' title='bbox 529 4089 561 4143; x_wconf 83' lang='lat' dir='ltr'><strong>et</strong></span> <span class='ocrx_word' id='word_1_137' title='bbox 584 4077 706 4142; x_wconf 85' lang='lat' dir='ltr'><strong>fredam</strong></span> <span class='ocrx_word' id='word_1_138' title='bbox 732 4079 876 4146; x_wconf 84' lang='lat' dir='ltr'><strong>similiter</strong></span> <span class='ocrx_word' id='word_1_139' title='bbox 900 4085 1010 4149; x_wconf 87' lang='lat' dir='ltr'><strong>novies</strong></span> <span class='ocrx_word' id='word_1_140' title='bbox 1035 4088 1076 4152; x_wconf 87' lang='lat' dir='ltr'><strong>ad</strong></span> <span class='ocrx_word' id='word_1_141' title='bbox 1102 4115 1174 4178; x_wconf 83' lang='lat' dir='ltr'><strong>por.</strong></span> 
     </span>
     <span class='ocr_line' id='line_1_28' title="bbox 66 4184 358 4255; baseline -0.017 -1"><span class='ocrx_word' id='word_1_142' title='bbox 66 4201 136 4255; x_wconf 85' lang='lat' dir='ltr'><strong>tem</strong></span> <span class='ocrx_word' id='word_1_143' title='bbox 162 4184 358 4252; x_wconf 83' lang='lat' dir='ltr'><strong>dominicam.</strong></span> 
     </span>
    </p>
   </div>
   <div class='ocr_carea' id='block_1_12' title="bbox 1014 4301 1034 4365">
    <p class='ocr_par' dir='ltr' id='par_1_14' title="bbox 1014 4301 1034 4365">
     <span class='ocr_line' id='line_1_29' title="bbox 1014 4301 1034 4365; baseline 0 0"><span class='ocrx_word' id='word_1_144' title='bbox 1014 4301 1034 4365; x_wconf 84' lang='lat'><strong><em>2</em></strong></span> 
     </span>
    </p>
   </div>
   <div class='ocr_carea' id='block_1_13' title="bbox 0 0 1514 5174">
    <p class='ocr_par' dir='ltr' id='par_1_15' title="bbox 0 0 1514 5174">
     <span class='ocr_line' id='line_1_30' title="bbox 0 0 1514 5174; baseline 0 7"><span class='ocrx_word' id='word_1_145' title='bbox 0 0 1514 5174; x_wconf 95' lang='lat' dir='ltr'><strong> </strong></span> 
     </span>
    </p>
   </div>
  </div>
 </body>
</html>
