<?xml version="1.0" encoding="UTF-8"?>
<!DOCTYPE html PUBLIC "-//W3C//DTD XHTML 1.0 Transitional//EN"
    "http://www.w3.org/TR/xhtml1/DTD/xhtml1-transitional.dtd">
<html xmlns="http://www.w3.org/1999/xhtml" xml:lang="en" lang="en">
 <head>
  <title>
</title>
<meta http-equiv="Content-Type" content="text/html;charset=utf-8" />
  <meta name='ocr-system' content='tesseract 3.04.00' />
  <meta name='ocr-capabilities' content='ocr_page ocr_carea ocr_par ocr_line ocrx_word'/>
</head>
<body>
  <div class='ocr_page' id='page_1' title='image "./delexfrisionumu00unkngoog_0168.png"; bbox 0 0 3028 5184; ppageno 0'>
   <div class='ocr_carea' id='block_1_1' title="bbox 271 410 1180 480">
    <p class='ocr_par' dir='ltr' id='par_1_1' title="bbox 271 410 1180 480">
     <span class='ocr_line' id='line_1_1' title="bbox 271 410 1180 480; baseline 0.001 -4"><span class='ocrx_word' id='word_1_1' title='bbox 271 413 366 477; x_wconf 86' lang='lat' dir='ltr'>Ann.</span> <span class='ocrx_word' id='word_1_2' title='bbox 387 413 467 480; x_wconf 75' lang='lat' dir='ltr'>Sne.</span> <span class='ocrx_word' id='word_1_3' title='bbox 511 412 540 477; x_wconf 87' lang='grc' dir='ltr'>Τ</span> <span class='ocrx_word' id='word_1_4' title='bbox 563 431 576 474; x_wconf 95' lang='lat'>1</span> <span class='ocrx_word' id='word_1_5' title='bbox 597 429 628 477; x_wconf 80' lang='lat' dir='ltr'>r.</span> <span class='ocrx_word' id='word_1_6' title='bbox 650 410 773 478; x_wconf 71' lang='lat' dir='ltr'>tlt-u</span> <span class='ocrx_word' id='word_1_7' title='bbox 795 429 810 476; x_wconf 93' lang='lat'><em>1</em></span> <span class='ocrx_word' id='word_1_8' title='bbox 831 429 863 480; x_wconf 82' lang='lat' dir='ltr'>r.</span> <span class='ocrx_word' id='word_1_9' title='bbox 884 412 981 480; x_wconf 88' lang='lat' dir='ltr'><strong>VIII.</strong></span> <span class='ocrx_word' id='word_1_10' title='bbox 1120 413 1180 478; x_wconf 87' lang='grc'>109</span> 
     </span>
    </p>
   </div>
   <div class='ocr_carea' id='block_1_2' title="bbox 73 603 1185 1222">
    <p class='ocr_par' dir='ltr' id='par_1_2' title="bbox 73 603 1185 1222">
     <span class='ocr_line' id='line_1_2' title="bbox 75 603 1182 686; baseline 0 -22"><span class='ocrx_word' id='word_1_11' title='bbox 75 604 149 671; x_wconf 86' lang='grc'><strong>333,</strong></span> <span class='ocrx_word' id='word_1_12' title='bbox 180 603 208 662; x_wconf 86' lang='grc'><strong>3.</strong></span> <span class='ocrx_word' id='word_1_13' title='bbox 240 605 308 674; x_wconf 80' lang='grc'><strong>339.</strong></span> <span class='ocrx_word' id='word_1_14' title='bbox 339 609 366 666; x_wconf 93' lang='grc'><strong>9.</strong></span> <span class='ocrx_word' id='word_1_15' title='bbox 417 607 497 684; x_wconf 80' lang='lat' dir='ltr'>Quod</span> <span class='ocrx_word' id='word_1_16' title='bbox 528 608 566 665; x_wconf 81' lang='lat' dir='ltr'>ed</span> <span class='ocrx_word' id='word_1_17' title='bbox 596 607 720 665; x_wconf 75' lang='lat' dir='ltr'>oliorum</span> <span class='ocrx_word' id='word_1_18' title='bbox 750 609 924 686; x_wconf 88' lang='lat' dir='ltr'>populorum</span> <span class='ocrx_word' id='word_1_19' title='bbox 945 609 1182 668; x_wconf 77' lang='lat' dir='ltr'>Germanicorum</span> 
     </span>
     <span class='ocr_line' id='line_1_3' title="bbox 73 696 1184 776; baseline 0.002 -25"><span class='ocrx_word' id='word_1_20' title='bbox 73 696 155 772; x_wconf 81' lang='lat' dir='ltr'>leges</span> <span class='ocrx_word' id='word_1_21' title='bbox 187 697 298 763; x_wconf 77' lang='lat' dir='ltr'>attinet,</span> <span class='ocrx_word' id='word_1_22' title='bbox 318 699 488 756; x_wconf 89' lang='lat' dir='ltr'>mulieribus</span> <span class='ocrx_word' id='word_1_23' title='bbox 508 698 557 773; x_wconf 75' lang='lat' dir='ltr'>(de</span> <span class='ocrx_word' id='word_1_24' title='bbox 585 697 689 773; x_wconf 83' lang='lat' dir='ltr'><strong>puellis</strong></span> <span class='ocrx_word' id='word_1_25' title='bbox 708 717 768 754; x_wconf 91' lang='lat' dir='ltr'>non</span> <span class='ocrx_word' id='word_1_26' title='bbox 787 698 902 775; x_wconf 89' lang='lat' dir='ltr'>loquor)</span> <span class='ocrx_word' id='word_1_27' title='bbox 922 699 1030 776; x_wconf 80' lang='lat' dir='ltr'>duplex</span> <span class='ocrx_word' id='word_1_28' title='bbox 1048 698 1184 774; x_wconf 76' lang='lat' dir='ltr'>weregel-</span> 
     </span>
     <span class='ocr_line' id='line_1_4' title="bbox 75 785 1185 852; baseline 0.001 -11"><span class='ocrx_word' id='word_1_29' title='bbox 75 785 150 842; x_wconf 86' lang='lat' dir='ltr'>dum</span> <span class='ocrx_word' id='word_1_30' title='bbox 183 787 368 843; x_wconf 85' lang='lat' dir='ltr'>constitutum</span> <span class='ocrx_word' id='word_1_31' title='bbox 399 796 441 843; x_wconf 89' lang='lat' dir='ltr'>est</span> <span class='ocrx_word' id='word_1_32' title='bbox 468 805 504 844; x_wconf 86' lang='lat' dir='ltr'>ex</span> <span class='ocrx_word' id='word_1_33' title='bbox 530 786 551 842; x_wconf 91' lang='lat' dir='ltr'>l.</span> <span class='ocrx_word' id='word_1_34' title='bbox 571 786 663 843; x_wconf 79' lang='lat' dir='ltr'>Alam.</span> <span class='ocrx_word' id='word_1_35' title='bbox 685 785 842 852; x_wconf 84' lang='lat' dir='ltr'><strong>XXXXIX,</strong></span> <span class='ocrx_word' id='word_1_36' title='bbox 861 786 880 843; x_wconf 85' lang='lat'>2</span> <span class='ocrx_word' id='word_1_37' title='bbox 899 796 927 844; x_wconf 90' lang='lat' dir='ltr'>et</span> <span class='ocrx_word' id='word_1_38' title='bbox 946 789 968 845; x_wconf 94' lang='grc'>1.</span> <span class='ocrx_word' id='word_1_39' title='bbox 990 787 1052 845; x_wconf 81' lang='lat' dir='ltr'>Boi.</span> <span class='ocrx_word' id='word_1_40' title='bbox 1071 786 1127 850; x_wconf 85' lang='lat'>111.</span> <span class='ocrx_word' id='word_1_41' title='bbox 1149 785 1185 842; x_wconf 87' lang='lat'>13</span> 
     </span>
     <span class='ocr_line' id='line_1_5' title="bbox 75 874 1182 953; baseline 0.001 -23"><span class='ocrx_word' id='word_1_42' title='bbox 75 874 90 950; x_wconf 66' lang='grc' dir='ltr'><strong>ξ</strong></span> <span class='ocrx_word' id='word_1_43' title='bbox 124 874 153 931; x_wconf 85' lang='grc'><strong>2.</strong></span> <span class='ocrx_word' id='word_1_44' title='bbox 186 876 215 938; x_wconf 89' lang='grc'>3,</span> <span class='ocrx_word' id='word_1_45' title='bbox 234 876 270 933; x_wconf 84' lang='lat' dir='ltr'>cl.</span> <span class='ocrx_word' id='word_1_46' title='bbox 290 876 311 932; x_wconf 92' lang='grc'>1.</span> <span class='ocrx_word' id='word_1_47' title='bbox 334 875 401 934; x_wconf 80' lang='lat' dir='ltr'>Sex.</span> <span class='ocrx_word' id='word_1_48' title='bbox 424 875 465 940; x_wconf 85' lang='lat'>11,</span> <span class='ocrx_word' id='word_1_49' title='bbox 484 874 503 931; x_wconf 84' lang='lat'>2</span> <span class='ocrx_word' id='word_1_50' title='bbox 524 875 581 950; x_wconf 81' lang='lat' dir='ltr'>(ed.</span> <span class='ocrx_word' id='word_1_51' title='bbox 602 874 723 932; x_wconf 80' lang='lat' dir='ltr'>Merkel.</span> <span class='ocrx_word' id='word_1_52' title='bbox 744 894 769 934; x_wconf 90' lang='lat' dir='ltr'>o.</span> <span class='ocrx_word' id='word_1_53' title='bbox 793 875 852 952; x_wconf 85' lang='lat'>15),</span> <span class='ocrx_word' id='word_1_54' title='bbox 872 886 899 933; x_wconf 90' lang='lat' dir='ltr'>et</span> <span class='ocrx_word' id='word_1_55' title='bbox 921 876 1027 953; x_wconf 78' lang='lat' dir='ltr'>triplex</span> <span class='ocrx_word' id='word_1_56' title='bbox 1046 874 1182 952; x_wconf 81' lang='lat' dir='ltr'>weregel-</span> 
     </span>
     <span class='ocr_line' id='line_1_6' title="bbox 75 963 1183 1036; baseline -0.001 -16"><span class='ocrx_word' id='word_1_57' title='bbox 75 964 152 1022; x_wconf 89' lang='lat' dir='ltr'>dum</span> <span class='ocrx_word' id='word_1_58' title='bbox 171 984 208 1022; x_wconf 92' lang='lat' dir='ltr'>ex</span> <span class='ocrx_word' id='word_1_59' title='bbox 236 966 257 1022; x_wconf 92' lang='grc'>1.</span> <span class='ocrx_word' id='word_1_60' title='bbox 286 964 346 1022; x_wconf 81' lang='lat' dir='ltr'>sat.</span> <span class='ocrx_word' id='word_1_61' title='bbox 377 964 481 1028; x_wconf 79' lang='lat' dir='ltr'><strong>XXIV,</strong></span> <span class='ocrx_word' id='word_1_62' title='bbox 502 964 519 1018; x_wconf 94' lang='grc'><strong>6</strong></span> <span class='ocrx_word' id='word_1_63' title='bbox 538 965 584 1022; x_wconf 89' lang='lat' dir='ltr'>ed.</span> <span class='ocrx_word' id='word_1_64' title='bbox 603 964 713 1022; x_wconf 85' lang='lat' dir='ltr'>Merkel</span> <span class='ocrx_word' id='word_1_65' title='bbox 733 967 774 1036; x_wconf 89' lang='lat' dir='ltr'>(et</span> <span class='ocrx_word' id='word_1_66' title='bbox 793 985 859 1024; x_wconf 82' lang='lat' dir='ltr'>nor.</span> <span class='ocrx_word' id='word_1_67' title='bbox 880 964 1000 1025; x_wconf 85' lang='lat'>62-65.</span> <span class='ocrx_word' id='word_1_68' title='bbox 1021 964 1076 1023; x_wconf 82' lang='lat'>357</span> <span class='ocrx_word' id='word_1_69' title='bbox 1097 963 1183 1035; x_wconf 89' lang='lat' dir='ltr'>ibid.)</span> 
     </span>
     <span class='ocr_line' id='line_1_7' title="bbox 73 1051 1181 1130; baseline 0 -21"><span class='ocrx_word' id='word_1_70' title='bbox 73 1061 104 1110; x_wconf 84' lang='lat' dir='ltr'>et</span> <span class='ocrx_word' id='word_1_71' title='bbox 136 1054 158 1111; x_wconf 92' lang='grc'>1.</span> <span class='ocrx_word' id='word_1_72' title='bbox 191 1053 254 1130; x_wconf 85' lang='lat' dir='ltr'>Rip.</span> <span class='ocrx_word' id='word_1_73' title='bbox 285 1051 456 1119; x_wconf 78' lang='lat' dir='ltr'>xil-xlv,</span> <span class='ocrx_word' id='word_1_74' title='bbox 485 1054 561 1112; x_wconf 82' lang='lat' dir='ltr'>coni.</span> <span class='ocrx_word' id='word_1_75' title='bbox 591 1053 612 1111; x_wconf 92' lang='lat' dir='ltr'>l.</span> <span class='ocrx_word' id='word_1_76' title='bbox 643 1053 734 1113; x_wconf 84' lang='lat' dir='ltr'>Thur.</span> <span class='ocrx_word' id='word_1_77' title='bbox 755 1053 793 1119; x_wconf 84' lang='lat' dir='ltr'>X,</span> <span class='ocrx_word' id='word_1_78' title='bbox 812 1053 840 1112; x_wconf 89' lang='lat'>3.</span> <span class='ocrx_word' id='word_1_79' title='bbox 862 1054 890 1112; x_wconf 83' lang='lat'>4.</span> <span class='ocrx_word' id='word_1_80' title='bbox 928 1055 965 1112; x_wconf 90' lang='lat' dir='ltr'>In</span> <span class='ocrx_word' id='word_1_81' title='bbox 984 1052 1181 1129; x_wconf 87' lang='lat' dir='ltr'>compluribus</span> 
     </span>
     <span class='ocr_line' id='line_1_8' title="bbox 74 1141 1180 1222; baseline -0.002 -22"><span class='ocrx_word' id='word_1_82' title='bbox 74 1141 290 1200; x_wconf 83' lang='lat' dir='ltr'>Germanorum</span> <span class='ocrx_word' id='word_1_83' title='bbox 326 1142 594 1220; x_wconf 74' lang='lat' dir='ltr'>septentrionalium</span> <span class='ocrx_word' id='word_1_84' title='bbox 630 1143 742 1219; x_wconf 80' lang='lat' dir='ltr'>legibus</span> <span class='ocrx_word' id='word_1_85' title='bbox 776 1144 933 1222; x_wconf 74' lang='lat' dir='ltr'>weregeldi</span> <span class='ocrx_word' id='word_1_86' title='bbox 967 1143 1123 1200; x_wconf 88' lang='lat' dir='ltr'>mulierum</span> <span class='ocrx_word' id='word_1_87' title='bbox 1153 1151 1180 1198; x_wconf 91' lang='lat' dir='ltr'>et</span> 
     </span>
    </p>
   </div>
   <div class='ocr_carea' id='block_1_3' title="bbox 76 1231 1181 1312">
    <p class='ocr_par' dir='ltr' id='par_1_3' title="bbox 76 1231 1181 1312">
     <span class='ocr_line' id='line_1_9' title="bbox 76 1231 1181 1312; baseline 0 -24"><span class='ocrx_word' id='word_1_88' title='bbox 76 1233 209 1290; x_wconf 81' lang='lat' dir='ltr'>virorum</span> <span class='ocrx_word' id='word_1_89' title='bbox 230 1233 306 1290; x_wconf 89' lang='lat' dir='ltr'>inter</span> <span class='ocrx_word' id='word_1_90' title='bbox 324 1252 354 1289; x_wconf 90' lang='lat' dir='ltr'>se</span> <span class='ocrx_word' id='word_1_91' title='bbox 373 1251 431 1289; x_wconf 93' lang='lat' dir='ltr'>non</span> <span class='ocrx_word' id='word_1_92' title='bbox 452 1233 626 1310; x_wconf 80' lang='lat' dir='ltr'>discrepant,</span> <span class='ocrx_word' id='word_1_93' title='bbox 643 1231 707 1291; x_wconf 83' lang='lat' dir='ltr'>ride</span> <span class='ocrx_word' id='word_1_94' title='bbox 728 1232 838 1290; x_wconf 84' lang='lat' dir='ltr'>Grimm</span> <span class='ocrx_word' id='word_1_95' title='bbox 859 1233 917 1292; x_wconf 74' lang='lat' dir='ltr'>lte.</span> <span class='ocrx_word' id='word_1_96' title='bbox 937 1254 967 1312; x_wconf 87' lang='lat' dir='ltr'>p.</span> <span class='ocrx_word' id='word_1_97' title='bbox 989 1231 1055 1290; x_wconf 90' lang='grc'><strong>404.</strong></span> <span class='ocrx_word' id='word_1_98' title='bbox 1077 1231 1134 1290; x_wconf 90' lang='grc'>660</span> <span class='ocrx_word' id='word_1_99' title='bbox 1153 1240 1181 1288; x_wconf 90' lang='lat' dir='ltr'>et</span> 
     </span>
    </p>
   </div>
   <div class='ocr_carea' id='block_1_4' title="bbox 73 1320 1186 2734">
    <p class='ocr_par' dir='ltr' id='par_1_4' title="bbox 73 1320 526 1398">
     <span class='ocr_line' id='line_1_10' title="bbox 73 1320 526 1398; baseline -0.002 -18"><span class='ocrx_word' id='word_1_100' title='bbox 73 1321 180 1380; x_wconf 78' lang='lat' dir='ltr'>Wildu</span> <span class='ocrx_word' id='word_1_101' title='bbox 200 1321 304 1380; x_wconf 76' lang='lat' dir='ltr'>Strafr.</span> <span class='ocrx_word' id='word_1_102' title='bbox 323 1341 353 1398; x_wconf 92' lang='lat' dir='ltr'>p.</span> <span class='ocrx_word' id='word_1_103' title='bbox 372 1320 439 1379; x_wconf 84' lang='lat'>571.</span> <span class='ocrx_word' id='word_1_104' title='bbox 460 1321 526 1379; x_wconf 90' lang='grc'><strong>648.</strong></span> 
     </span>
    </p>

    <p class='ocr_par' dir='ltr' id='par_1_5' title="bbox 119 1409 748 1486">
     <span class='ocr_line' id='line_1_11' title="bbox 119 1409 748 1486; baseline 0.005 -20"><span class='ocrx_word' id='word_1_105' title='bbox 119 1409 152 1444; x_wconf 84' lang='lat'>⁵²</span> <span class='ocrx_word' id='word_1_106' title='bbox 196 1409 238 1466; x_wconf 84' lang='lat' dir='ltr'>lle</span> <span class='ocrx_word' id='word_1_107' title='bbox 257 1410 425 1468; x_wconf 80' lang='lat' dir='ltr'>Suxmundo</span> <span class='ocrx_word' id='word_1_108' title='bbox 445 1411 482 1469; x_wconf 84' lang='lat' dir='ltr'>cf.</span> <span class='ocrx_word' id='word_1_109' title='bbox 503 1420 562 1469; x_wconf 92' lang='lat' dir='ltr'>not.</span> <span class='ocrx_word' id='word_1_110' title='bbox 584 1409 628 1470; x_wconf 83' lang='lat'>13.</span> <span class='ocrx_word' id='word_1_111' title='bbox 650 1429 679 1486; x_wconf 91' lang='lat' dir='ltr'>p.</span> <span class='ocrx_word' id='word_1_112' title='bbox 701 1411 748 1469; x_wconf 87' lang='grc'>98.</span> 
     </span>
    </p>

    <p class='ocr_par' dir='ltr' id='par_1_6' title="bbox 73 1497 1185 2092">
     <span class='ocr_line' id='line_1_12' title="bbox 119 1497 1183 1577; baseline 0.001 -23"><span class='ocrx_word' id='word_1_113' title='bbox 119 1497 153 1534; x_wconf 77' lang='lat'>⁵³</span> <span class='ocrx_word' id='word_1_114' title='bbox 198 1498 252 1555; x_wconf 80' lang='lat' dir='ltr'>Tit.</span> <span class='ocrx_word' id='word_1_115' title='bbox 284 1499 325 1557; x_wconf 79' lang='lat' dir='ltr'>vl</span> <span class='ocrx_word' id='word_1_116' title='bbox 352 1499 513 1556; x_wconf 74' lang='lat' dir='ltr'>Addirionis</span> <span class='ocrx_word' id='word_1_117' title='bbox 542 1498 641 1576; x_wconf 83' lang='lat' dir='ltr'>(quem</span> <span class='ocrx_word' id='word_1_118' title='bbox 669 1500 830 1577; x_wconf 79' lang='lat' dir='ltr'>complures</span> <span class='ocrx_word' id='word_1_119' title='bbox 859 1500 931 1576; x_wconf 79' lang='lat' dir='ltr'>legis</span> <span class='ocrx_word' id='word_1_120' title='bbox 951 1499 1024 1557; x_wconf 80' lang='lat' dir='ltr'>Fris.</span> <span class='ocrx_word' id='word_1_121' title='bbox 1045 1499 1183 1556; x_wconf 83' lang='lat' dir='ltr'>editiones</span> 
     </span>
     <span class='ocr_line' id='line_1_13' title="bbox 74 1587 1185 1666; baseline 0 -20"><span class='ocrx_word' id='word_1_122' title='bbox 74 1587 253 1646; x_wconf 73' lang='lat' dir='ltr'>recentiores</span> <span class='ocrx_word' id='word_1_123' title='bbox 281 1589 397 1645; x_wconf 87' lang='lat' dir='ltr'>titulum</span> <span class='ocrx_word' id='word_1_124' title='bbox 427 1588 483 1647; x_wconf 78' lang='lat' dir='ltr'>Vll</span> <span class='ocrx_word' id='word_1_125' title='bbox 503 1589 666 1654; x_wconf 81' lang='lat' dir='ltr'>nominant,</span> <span class='ocrx_word' id='word_1_126' title='bbox 685 1589 761 1647; x_wconf 85' lang='lat' dir='ltr'>conf.</span> <span class='ocrx_word' id='word_1_127' title='bbox 781 1599 841 1648; x_wconf 91' lang='lat' dir='ltr'>not.</span> <span class='ocrx_word' id='word_1_128' title='bbox 863 1589 913 1666; x_wconf 84' lang='grc'>45)</span> <span class='ocrx_word' id='word_1_129' title='bbox 935 1589 973 1646; x_wconf 83' lang='lat' dir='ltr'>ed</span> <span class='ocrx_word' id='word_1_130' title='bbox 993 1589 1116 1647; x_wconf 80' lang='lat' dir='ltr'>FrisIum</span> <span class='ocrx_word' id='word_1_131' title='bbox 1137 1607 1185 1646; x_wconf 93' lang='lat' dir='ltr'>oc-</span> 
     </span>
     <span class='ocr_line' id='line_1_14' title="bbox 73 1676 1184 1755; baseline 0.001 -21"><span class='ocrx_word' id='word_1_132' title='bbox 73 1676 252 1735; x_wconf 84' lang='lat' dir='ltr'>cidentalem</span> <span class='ocrx_word' id='word_1_133' title='bbox 283 1677 390 1735; x_wconf 81' lang='lat' dir='ltr'>referre</span> <span class='ocrx_word' id='word_1_134' title='bbox 418 1679 516 1744; x_wconf 74' lang='lat' dir='ltr'>uelim,</span> <span class='ocrx_word' id='word_1_135' title='bbox 544 1677 577 1735; x_wconf 93' lang='lat' dir='ltr'>in</span> <span class='ocrx_word' id='word_1_136' title='bbox 595 1678 729 1755; x_wconf 77' lang='lat' dir='ltr'>capitulis</span> <span class='ocrx_word' id='word_1_137' title='bbox 751 1679 830 1736; x_wconf 91' lang='lat' dir='ltr'>enim</span> <span class='ocrx_word' id='word_1_138' title='bbox 850 1678 1013 1736; x_wconf 83' lang='lat' dir='ltr'>Frisionum</span> <span class='ocrx_word' id='word_1_139' title='bbox 1034 1678 1091 1755; x_wconf 78' lang='lat' dir='ltr'>legi</span> <span class='ocrx_word' id='word_1_140' title='bbox 1111 1678 1184 1736; x_wconf 85' lang='lat' dir='ltr'>Sax-</span> 
     </span>
     <span class='ocr_line' id='line_1_15' title="bbox 73 1765 1184 1844; baseline -0.003 -19"><span class='ocrx_word' id='word_1_141' title='bbox 73 1765 186 1825; x_wconf 90' lang='lat' dir='ltr'>mundi</span> <span class='ocrx_word' id='word_1_142' title='bbox 215 1767 383 1823; x_wconf 78' lang='lat' dir='ltr'>auctoritate</span> <span class='ocrx_word' id='word_1_143' title='bbox 415 1766 521 1823; x_wconf 82' lang='lat' dir='ltr'>additis</span> <span class='ocrx_word' id='word_1_144' title='bbox 549 1765 666 1823; x_wconf 86' lang='lat' dir='ltr'>nullum</span> <span class='ocrx_word' id='word_1_145' title='bbox 696 1765 777 1822; x_wconf 86' lang='lat' dir='ltr'>video</span> <span class='ocrx_word' id='word_1_146' title='bbox 806 1767 913 1832; x_wconf 84' lang='lat' dir='ltr'>locum,</span> <span class='ocrx_word' id='word_1_147' title='bbox 944 1766 996 1844; x_wconf 89' lang='lat' dir='ltr'>qui</span> <span class='ocrx_word' id='word_1_148' title='bbox 1026 1765 1061 1822; x_wconf 93' lang='lat' dir='ltr'>de</span> <span class='ocrx_word' id='word_1_149' title='bbox 1091 1765 1184 1822; x_wconf 76' lang='lat' dir='ltr'>irrisio</span> 
     </span>
     <span class='ocr_line' id='line_1_16' title="bbox 75 1854 1183 1932; baseline -0.003 -18"><span class='ocrx_word' id='word_1_150' title='bbox 75 1855 178 1914; x_wconf 83' lang='lat' dir='ltr'>medie</span> <span class='ocrx_word' id='word_1_151' title='bbox 198 1855 243 1912; x_wconf 81' lang='lat' dir='ltr'>rel</span> <span class='ocrx_word' id='word_1_152' title='bbox 261 1854 397 1912; x_wconf 78' lang='lat' dir='ltr'>orientali</span> <span class='ocrx_word' id='word_1_153' title='bbox 416 1857 505 1913; x_wconf 86' lang='lat' dir='ltr'>rorbu</span> <span class='ocrx_word' id='word_1_154' title='bbox 524 1855 634 1919; x_wconf 80' lang='lat' dir='ltr'>fecerit,</span> <span class='ocrx_word' id='word_1_155' title='bbox 652 1874 686 1911; x_wconf 79' lang='lat' dir='ltr'>ao</span> <span class='ocrx_word' id='word_1_156' title='bbox 705 1873 803 1912; x_wconf 87' lang='lat' dir='ltr'>censeo</span> <span class='ocrx_word' id='word_1_157' title='bbox 824 1855 1028 1913; x_wconf 84' lang='lat' dir='ltr'>Wulemerum</span> <span class='ocrx_word' id='word_1_158' title='bbox 1048 1874 1183 1932; x_wconf 84' lang='lat' dir='ltr'>poenum,</span> 
     </span>
     <span class='ocr_line' id='line_1_17' title="bbox 74 1942 1183 2021; baseline 0 -20"><span class='ocrx_word' id='word_1_159' title='bbox 74 1963 170 2021; x_wconf 79' lang='lat' dir='ltr'>quam</span> <span class='ocrx_word' id='word_1_160' title='bbox 191 1943 376 2002; x_wconf 83' lang='lat' dir='ltr'>Suxmuudus</span> <span class='ocrx_word' id='word_1_161' title='bbox 395 1945 429 2001; x_wconf 90' lang='lat' dir='ltr'>in</span> <span class='ocrx_word' id='word_1_162' title='bbox 448 1945 532 2001; x_wconf 90' lang='lat' dir='ltr'>titulo</span> <span class='ocrx_word' id='word_1_163' title='bbox 551 1942 593 2002; x_wconf 75' lang='lat' dir='ltr'>vl</span> <span class='ocrx_word' id='word_1_164' title='bbox 613 1943 774 2001; x_wconf 76' lang='lat' dir='ltr'>Additionis</span> <span class='ocrx_word' id='word_1_165' title='bbox 792 1945 942 2021; x_wconf 84' lang='lat' dir='ltr'>proponit,</span> <span class='ocrx_word' id='word_1_166' title='bbox 960 1944 992 2002; x_wconf 90' lang='lat' dir='ltr'>in</span> <span class='ocrx_word' id='word_1_167' title='bbox 1015 1945 1099 2002; x_wconf 83' lang='lat' dir='ltr'>titulo</span> <span class='ocrx_word' id='word_1_168' title='bbox 1120 1943 1183 2002; x_wconf 94' lang='lat' dir='ltr'>lllb</span> 
     </span>
     <span class='ocr_line' id='line_1_18' title="bbox 74 2032 862 2092; baseline 0 0"><span class='ocrx_word' id='word_1_169' title='bbox 74 2033 243 2092; x_wconf 74' lang='lat' dir='ltr'>Additionis</span> <span class='ocrx_word' id='word_1_170' title='bbox 262 2033 295 2088; x_wconf 95' lang='lat' dir='ltr'>in</span> <span class='ocrx_word' id='word_1_171' title='bbox 314 2053 398 2090; x_wconf 87' lang='lat' dir='ltr'>nsum</span> <span class='ocrx_word' id='word_1_172' title='bbox 419 2032 528 2090; x_wconf 77' lang='lat' dir='ltr'>Frisiae</span> <span class='ocrx_word' id='word_1_173' title='bbox 546 2034 657 2092; x_wconf 74' lang='lat' dir='ltr'>mediae</span> <span class='ocrx_word' id='word_1_174' title='bbox 677 2034 862 2092; x_wconf 88' lang='lat' dir='ltr'>constituisse.</span> 
     </span>
    </p>

    <p class='ocr_par' dir='ltr' id='par_1_7' title="bbox 119 2121 1155 2190">
     <span class='ocr_line' id='line_1_19' title="bbox 119 2121 1155 2190; baseline 0.003 -12"><span class='ocrx_word' id='word_1_175' title='bbox 119 2122 155 2158; x_wconf 75' lang='grc'>55</span> <span class='ocrx_word' id='word_1_176' title='bbox 199 2122 263 2179; x_wconf 89' lang='lat' dir='ltr'>ller.</span> <span class='ocrx_word' id='word_1_177' title='bbox 287 2122 349 2179; x_wconf 75' lang='lat' dir='ltr'>Tit.</span> <span class='ocrx_word' id='word_1_178' title='bbox 371 2121 406 2178; x_wconf 83' lang='lat' dir='ltr'><em>V</em></span> <span class='ocrx_word' id='word_1_179' title='bbox 403 2122 453 2179; x_wconf 94' lang='lat' dir='ltr'>II</span> <span class='ocrx_word' id='word_1_180' title='bbox 457 2143 472 2190; x_wconf 88' lang='lat'>,·</span> <span class='ocrx_word' id='word_1_181' title='bbox 490 2123 522 2180; x_wconf 90' lang='lat' dir='ltr'>iu</span> <span class='ocrx_word' id='word_1_182' title='bbox 541 2121 609 2180; x_wconf 89' lang='lat' dir='ltr'>edit.</span> <span class='ocrx_word' id='word_1_183' title='bbox 629 2133 735 2182; x_wconf 86' lang='lat' dir='ltr'>recent.</span> <span class='ocrx_word' id='word_1_184' title='bbox 759 2123 822 2182; x_wconf 77' lang='lat' dir='ltr'>Tit.</span> <span class='ocrx_word' id='word_1_185' title='bbox 842 2123 953 2188; x_wconf 82' lang='lat' dir='ltr'><strong>VIII,</strong></span> <span class='ocrx_word' id='word_1_186' title='bbox 971 2124 1007 2180; x_wconf 80' lang='lat' dir='ltr'>cf.</span> <span class='ocrx_word' id='word_1_187' title='bbox 1028 2132 1088 2184; x_wconf 90' lang='lat' dir='ltr'>not.</span> <span class='ocrx_word' id='word_1_188' title='bbox 1108 2121 1155 2181; x_wconf 84' lang='lat'>45.</span> 
     </span>
    </p>

    <p class='ocr_par' dir='ltr' id='par_1_8' title="bbox 73 2209 1186 2734">
     <span class='ocr_line' id='line_1_20' title="bbox 120 2209 1184 2289; baseline 0.004 -23"><span class='ocrx_word' id='word_1_189' title='bbox 120 2211 155 2246; x_wconf 88' lang='grc'>55</span> <span class='ocrx_word' id='word_1_190' title='bbox 199 2211 235 2266; x_wconf 96' lang='lat' dir='ltr'>ln</span> <span class='ocrx_word' id='word_1_191' title='bbox 263 2210 396 2286; x_wconf 77' lang='lat' dir='ltr'>capitulis</span> <span class='ocrx_word' id='word_1_192' title='bbox 425 2209 498 2267; x_wconf 84' lang='grc'>2-4</span> <span class='ocrx_word' id='word_1_193' title='bbox 518 2211 594 2269; x_wconf 92' lang='lat' dir='ltr'>tituli</span> <span class='ocrx_word' id='word_1_194' title='bbox 614 2211 658 2269; x_wconf 94' lang='lat' dir='ltr'>lIl</span> <span class='ocrx_word' id='word_1_195' title='bbox 677 2212 748 2288; x_wconf 77' lang='lat' dir='ltr'>legis</span> <span class='ocrx_word' id='word_1_196' title='bbox 768 2210 839 2270; x_wconf 81' lang='lat' dir='ltr'>Fris.</span> <span class='ocrx_word' id='word_1_197' title='bbox 860 2221 991 2270; x_wconf 82' lang='lat' dir='ltr'>sanctum</span> <span class='ocrx_word' id='word_1_198' title='bbox 1011 2221 1063 2278; x_wconf 83' lang='lat' dir='ltr'>est,</span> <span class='ocrx_word' id='word_1_199' title='bbox 1081 2222 1114 2269; x_wconf 92' lang='lat' dir='ltr'>ut</span> <span class='ocrx_word' id='word_1_200' title='bbox 1133 2213 1184 2289; x_wconf 91' lang='lat' dir='ltr'>qui</span> 
     </span>
     <span class='ocr_line' id='line_1_21' title="bbox 74 2300 1185 2377; baseline 0.001 -19"><span class='ocrx_word' id='word_1_201' title='bbox 74 2303 195 2358; x_wconf 86' lang='lat' dir='ltr'>furtum</span> <span class='ocrx_word' id='word_1_202' title='bbox 224 2300 333 2364; x_wconf 83' lang='lat' dir='ltr'>fecerit.</span> <span class='ocrx_word' id='word_1_203' title='bbox 364 2302 489 2377; x_wconf 89' lang='lat' dir='ltr'>pretium</span> <span class='ocrx_word' id='word_1_204' title='bbox 523 2301 629 2376; x_wconf 84' lang='lat' dir='ltr'>duplex</span> <span class='ocrx_word' id='word_1_205' title='bbox 658 2302 701 2357; x_wconf 90' lang='lat' dir='ltr'>rei</span> <span class='ocrx_word' id='word_1_206' title='bbox 730 2301 853 2358; x_wconf 78' lang='lat' dir='ltr'>furtivae</span> <span class='ocrx_word' id='word_1_207' title='bbox 883 2301 1000 2358; x_wconf 93' lang='lat' dir='ltr'>domino</span> <span class='ocrx_word' id='word_1_208' title='bbox 1029 2302 1129 2367; x_wconf 77' lang='lat' dir='ltr'>solvet.</span> <span class='ocrx_word' id='word_1_209' title='bbox 1157 2312 1185 2359; x_wconf 90' lang='lat' dir='ltr'>et</span> 
     </span>
     <span class='ocr_line' id='line_1_22' title="bbox 73 2389 1183 2467; baseline -0.001 -19"><span class='ocrx_word' id='word_1_210' title='bbox 73 2391 142 2467; x_wconf 82' lang='lat' dir='ltr'>regi</span> <span class='ocrx_word' id='word_1_211' title='bbox 173 2389 364 2465; x_wconf 80' lang='lat' dir='ltr'>weregeldum</span> <span class='ocrx_word' id='word_1_212' title='bbox 385 2410 469 2447; x_wconf 90' lang='lat' dir='ltr'>suum</span> <span class='ocrx_word' id='word_1_213' title='bbox 489 2390 551 2447; x_wconf 92' lang='lat' dir='ltr'>loco</span> <span class='ocrx_word' id='word_1_214' title='bbox 569 2389 664 2454; x_wconf 87' lang='lat' dir='ltr'>fredi;</span> <span class='ocrx_word' id='word_1_215' title='bbox 684 2389 716 2446; x_wconf 92' lang='lat' dir='ltr'>in</span> <span class='ocrx_word' id='word_1_216' title='bbox 738 2389 821 2446; x_wconf 88' lang='lat' dir='ltr'>titulo</span> <span class='ocrx_word' id='word_1_217' title='bbox 841 2389 897 2447; x_wconf 75' lang='lat' dir='ltr'>Vll</span> <span class='ocrx_word' id='word_1_218' title='bbox 918 2390 1088 2453; x_wconf 74' lang='lat' dir='ltr'>idditionis‚</span> <span class='ocrx_word' id='word_1_219' title='bbox 1108 2409 1183 2464; x_wconf 81' lang='lat' dir='ltr'>quae</span> 
     </span>
     <span class='ocr_line' id='line_1_23' title="bbox 73 2476 1186 2556; baseline -0.002 -19"><span class='ocrx_word' id='word_1_220' title='bbox 73 2479 184 2537; x_wconf 85' lang='lat' dir='ltr'>titulus</span> <span class='ocrx_word' id='word_1_221' title='bbox 213 2476 259 2534; x_wconf 92' lang='lat' dir='ltr'>lll</span> <span class='ocrx_word' id='word_1_222' title='bbox 288 2479 360 2556; x_wconf 78' lang='lat' dir='ltr'>legis</span> <span class='ocrx_word' id='word_1_223' title='bbox 388 2477 460 2535; x_wconf 80' lang='lat' dir='ltr'>Fris.</span> <span class='ocrx_word' id='word_1_224' title='bbox 488 2478 524 2534; x_wconf 90' lang='lat' dir='ltr'>do</span> <span class='ocrx_word' id='word_1_225' title='bbox 544 2478 629 2535; x_wconf 86' lang='lat' dir='ltr'>furtis</span> <span class='ocrx_word' id='word_1_226' title='bbox 648 2477 844 2542; x_wconf 81' lang='lat' dir='ltr'>constitueret,</span> <span class='ocrx_word' id='word_1_227' title='bbox 861 2477 899 2534; x_wconf 83' lang='lat' dir='ltr'>ite</span> <span class='ocrx_word' id='word_1_228' title='bbox 920 2486 1004 2534; x_wconf 85' lang='lat' dir='ltr'>uncte</span> <span class='ocrx_word' id='word_1_229' title='bbox 1024 2478 1068 2535; x_wconf 88' lang='lat' dir='ltr'>rel</span> <span class='ocrx_word' id='word_1_230' title='bbox 1088 2498 1186 2536; x_wconf 89' lang='lat' dir='ltr'>emen-</span> 
     </span>
     <span class='ocr_line' id='line_1_24' title="bbox 74 2567 1185 2645; baseline 0 -19"><span class='ocrx_word' id='word_1_231' title='bbox 74 2570 150 2626; x_wconf 79' lang='lat' dir='ltr'>date</span> <span class='ocrx_word' id='word_1_232' title='bbox 179 2576 257 2633; x_wconf 84' lang='lat' dir='ltr'>sunt,</span> <span class='ocrx_word' id='word_1_233' title='bbox 287 2577 318 2624; x_wconf 92' lang='lat' dir='ltr'>ut</span> <span class='ocrx_word' id='word_1_234' title='bbox 345 2569 397 2645; x_wconf 89' lang='lat' dir='ltr'>qui</span> <span class='ocrx_word' id='word_1_235' title='bbox 425 2587 499 2624; x_wconf 82' lang='lat' dir='ltr'>»res</span> <span class='ocrx_word' id='word_1_236' title='bbox 518 2567 687 2644; x_wconf 74' lang='lat' dir='ltr'>fugitivus’&#39;‚</span> <span class='ocrx_word' id='word_1_237' title='bbox 705 2567 726 2624; x_wconf 92' lang='lat' dir='ltr'>i.</span> <span class='ocrx_word' id='word_1_238' title='bbox 745 2588 771 2626; x_wconf 91' lang='lat' dir='ltr'>e.</span> <span class='ocrx_word' id='word_1_239' title='bbox 791 2586 885 2626; x_wconf 82' lang='lat' dir='ltr'>servos</span> <span class='ocrx_word' id='word_1_240' title='bbox 905 2567 1038 2645; x_wconf 74' lang='lat' dir='ltr'>fugitiuos</span> <span class='ocrx_word' id='word_1_241' title='bbox 1057 2569 1102 2626; x_wconf 83' lang='lat' dir='ltr'>rel</span> <span class='ocrx_word' id='word_1_242' title='bbox 1121 2569 1185 2626; x_wconf 79' lang='lat' dir='ltr'>uui·</span> 
     </span>
     <span class='ocr_line' id='line_1_25' title="bbox 74 2655 1185 2734; baseline -0.001 -18"><span class='ocrx_word' id='word_1_243' title='bbox 74 2657 172 2716; x_wconf 67' lang='grc'><strong>313111</strong></span> <span class='ocrx_word' id='word_1_244' title='bbox 207 2656 345 2733; x_wconf 78' lang='lat' dir='ltr'>fugitiva,</span> <span class='ocrx_word' id='word_1_245' title='bbox 373 2657 492 2713; x_wconf 91' lang='lat' dir='ltr'>domino</span> <span class='ocrx_word' id='word_1_246' title='bbox 511 2675 569 2712; x_wconf 95' lang='lat' dir='ltr'>non</span> <span class='ocrx_word' id='word_1_247' title='bbox 590 2655 711 2720; x_wconf 76' lang='lat' dir='ltr'>reddet,</span> <span class='ocrx_word' id='word_1_248' title='bbox 731 2656 790 2712; x_wconf 84' lang='lat' dir='ltr'>luri</span> <span class='ocrx_word' id='word_1_249' title='bbox 810 2666 1004 2732; x_wconf 79' lang='lat' dir='ltr'>exaequetur,</span> <span class='ocrx_word' id='word_1_250' title='bbox 1023 2659 1107 2734; x_wconf 88' lang='lat' dir='ltr'>pretii</span> <span class='ocrx_word' id='word_1_251' title='bbox 1128 2659 1185 2715; x_wconf 89' lang='lat' dir='ltr'>du-</span> 
     </span>
    </p>
   </div>
   <div class='ocr_carea' id='block_1_5' title="bbox 74 2745 1184 2826">
    <p class='ocr_par' dir='ltr' id='par_1_9' title="bbox 74 2745 1184 2826">
     <span class='ocr_line' id='line_1_26' title="bbox 74 2745 1184 2826; baseline -0.001 -22"><span class='ocrx_word' id='word_1_252' title='bbox 74 2747 166 2826; x_wconf 85' lang='lat' dir='ltr'>plicis</span> <span class='ocrx_word' id='word_1_253' title='bbox 193 2747 256 2802; x_wconf 90' lang='lat' dir='ltr'>loco</span> <span class='ocrx_word' id='word_1_254' title='bbox 285 2755 382 2803; x_wconf 83' lang='lat' dir='ltr'>eutem</span> <span class='ocrx_word' id='word_1_255' title='bbox 409 2746 536 2822; x_wconf 90' lang='lat' dir='ltr'>pretium</span> <span class='ocrx_word' id='word_1_256' title='bbox 565 2745 687 2820; x_wconf 85' lang='lat' dir='ltr'>simplex</span> <span class='ocrx_word' id='word_1_257' title='bbox 716 2745 785 2801; x_wconf 83' lang='lat' dir='ltr'>orei</span> <span class='ocrx_word' id='word_1_258' title='bbox 815 2745 972 2822; x_wconf 78' lang='lat' dir='ltr'>fugitiree&#39;&#39;</span> <span class='ocrx_word' id='word_1_259' title='bbox 993 2745 1110 2803; x_wconf 89' lang='lat' dir='ltr'>domino</span> <span class='ocrx_word' id='word_1_260' title='bbox 1130 2748 1184 2805; x_wconf 92' lang='lat' dir='ltr'>sol·</span> 
     </span>
    </p>
   </div>
   <div class='ocr_carea' id='block_1_6' title="bbox 68 2833 1186 4337">
    <p class='ocr_par' dir='ltr' id='par_1_10' title="bbox 74 2833 1182 3002">
     <span class='ocr_line' id='line_1_27' title="bbox 74 2833 1182 2912; baseline -0.001 -17"><span class='ocrx_word' id='word_1_261' title='bbox 74 2845 140 2902; x_wconf 79' lang='lat' dir='ltr'>rat,</span> <span class='ocrx_word' id='word_1_262' title='bbox 170 2835 245 2892; x_wconf 84' lang='lat' dir='ltr'>conf.</span> <span class='ocrx_word' id='word_1_263' title='bbox 276 2841 343 2912; x_wconf 76' lang='lat' dir='ltr'>pag.</span> <span class='ocrx_word' id='word_1_264' title='bbox 370 2834 408 2892; x_wconf 90' lang='grc'>46</span> <span class='ocrx_word' id='word_1_265' title='bbox 438 2843 497 2891; x_wconf 88' lang='lat' dir='ltr'>not.</span> <span class='ocrx_word' id='word_1_266' title='bbox 522 2835 559 2892; x_wconf 89' lang='grc'>39</span> <span class='ocrx_word' id='word_1_267' title='bbox 589 2843 616 2890; x_wconf 91' lang='lat' dir='ltr'>et</span> <span class='ocrx_word' id='word_1_268' title='bbox 647 2834 711 2890; x_wconf 87' lang='lat' dir='ltr'>vide</span> <span class='ocrx_word' id='word_1_269' title='bbox 732 2833 831 2891; x_wconf 86' lang='lat' dir='ltr'>Wilde</span> <span class='ocrx_word' id='word_1_270' title='bbox 852 2834 955 2892; x_wconf 85' lang='lat' dir='ltr'>Strofr.</span> <span class='ocrx_word' id='word_1_271' title='bbox 976 2855 1006 2911; x_wconf 95' lang='lat' dir='ltr'>p.</span> <span class='ocrx_word' id='word_1_272' title='bbox 1026 2833 1094 2893; x_wconf 89' lang='grc'><strong>861.</strong></span> <span class='ocrx_word' id='word_1_273' title='bbox 1116 2835 1182 2894; x_wconf 90' lang='grc'><strong>919.</strong></span> 
     </span>
     <span class='ocr_line' id='line_1_28' title="bbox 74 2922 1008 3002; baseline -0.001 -18"><span class='ocrx_word' id='word_1_274' title='bbox 74 2928 121 2985; x_wconf 83' lang='lat' dir='ltr'>lle</span> <span class='ocrx_word' id='word_1_275' title='bbox 145 2943 256 2982; x_wconf 82' lang='lat' dir='ltr'>oserro</span> <span class='ocrx_word' id='word_1_276' title='bbox 276 2924 414 3002; x_wconf 78' lang='lat' dir='ltr'>fugitiro&#39;&#39;</span> <span class='ocrx_word' id='word_1_277' title='bbox 435 2925 473 2982; x_wconf 86' lang='lat' dir='ltr'>cf.</span> <span class='ocrx_word' id='word_1_278' title='bbox 492 2925 548 3000; x_wconf 78' lang='lat' dir='ltr'>leg.</span> <span class='ocrx_word' id='word_1_279' title='bbox 567 2923 662 2981; x_wconf 77' lang='lat' dir='ltr'>Alam.</span> <span class='ocrx_word' id='word_1_280' title='bbox 681 2922 751 2980; x_wconf 91' lang='lat' dir='ltr'><strong>XXI</strong></span> <span class='ocrx_word' id='word_1_281' title='bbox 771 2932 798 2980; x_wconf 87' lang='lat' dir='ltr'>et</span> <span class='ocrx_word' id='word_1_282' title='bbox 819 2922 1008 2984; x_wconf 82' lang='lat' dir='ltr'><strong>LXXXVIII.</strong></span> 
     </span>
    </p>

    <p class='ocr_par' dir='ltr' id='par_1_11' title="bbox 121 3014 428 3089">
     <span class='ocr_line' id='line_1_29' title="bbox 121 3014 428 3089; baseline -0.01 -16"><span class='ocrx_word' id='word_1_283' title='bbox 121 3015 156 3050; x_wconf 81' lang='grc'>55</span> <span class='ocrx_word' id='word_1_284' title='bbox 199 3014 265 3072; x_wconf 89' lang='lat' dir='ltr'>ller.</span> <span class='ocrx_word' id='word_1_285' title='bbox 278 3016 428 3089; x_wconf 80' lang='lat' dir='ltr'>precium.</span> 
     </span>
    </p>

    <p class='ocr_par' dir='ltr' id='par_1_12' title="bbox 121 3100 1137 3169">
     <span class='ocr_line' id='line_1_30' title="bbox 121 3100 1137 3169; baseline -0.001 -9"><span class='ocrx_word' id='word_1_286' title='bbox 121 3104 156 3140; x_wconf 81' lang='lat'>⁵⁷</span> <span class='ocrx_word' id='word_1_287' title='bbox 199 3104 265 3160; x_wconf 89' lang='lat' dir='ltr'>ller.</span> <span class='ocrx_word' id='word_1_288' title='bbox 288 3103 350 3160; x_wconf 83' lang='lat' dir='ltr'>Tit.</span> <span class='ocrx_word' id='word_1_289' title='bbox 375 3101 404 3158; x_wconf 75' lang='lat' dir='ltr'><em>V</em></span> <span class='ocrx_word' id='word_1_290' title='bbox 405 3102 477 3159; x_wconf 95' lang='lat' dir='ltr'>III</span> <span class='ocrx_word' id='word_1_291' title='bbox 479 3122 493 3169; x_wconf 89' lang='lat'><em>;</em></span> <span class='ocrx_word' id='word_1_292' title='bbox 511 3102 557 3160; x_wconf 90' lang='lat' dir='ltr'>ed.</span> <span class='ocrx_word' id='word_1_293' title='bbox 576 3110 682 3158; x_wconf 89' lang='lat' dir='ltr'>recent.</span> <span class='ocrx_word' id='word_1_294' title='bbox 704 3101 767 3160; x_wconf 76' lang='lat' dir='ltr'>Tu.</span> <span class='ocrx_word' id='word_1_295' title='bbox 787 3100 852 3167; x_wconf 78' lang='grc' dir='ltr'>ΙΙ,</span> <span class='ocrx_word' id='word_1_296' title='bbox 871 3101 908 3160; x_wconf 87' lang='lat' dir='ltr'>of.</span> <span class='ocrx_word' id='word_1_297' title='bbox 929 3110 988 3159; x_wconf 94' lang='lat' dir='ltr'>not.</span> <span class='ocrx_word' id='word_1_298' title='bbox 1009 3101 1056 3160; x_wconf 82' lang='grc'><strong>45.</strong></span> <span class='ocrx_word' id='word_1_299' title='bbox 1135 3139 1137 3142; x_wconf 94' lang='grc'>-</span> 
     </span>
    </p>

    <p class='ocr_par' dir='ltr' id='par_1_13' title="bbox 68 3190 1186 4337">
     <span class='ocr_line' id='line_1_31' title="bbox 122 3190 1186 3270; baseline 0.001 -20"><span class='ocrx_word' id='word_1_300' title='bbox 122 3192 157 3228; x_wconf 75' lang='lat'>⁵⁸</span> <span class='ocrx_word' id='word_1_301' title='bbox 200 3192 237 3250; x_wconf 93' lang='lat' dir='ltr'>Iu</span> <span class='ocrx_word' id='word_1_302' title='bbox 257 3192 298 3252; x_wconf 90' lang='lat' dir='ltr'>tit.</span> <span class='ocrx_word' id='word_1_303' title='bbox 320 3190 439 3256; x_wconf 80' lang='lat' dir='ltr'>V111.2</span> <span class='ocrx_word' id='word_1_304' title='bbox 458 3190 531 3248; x_wconf 81' lang='lat' dir='ltr'>rdd.</span> <span class='ocrx_word' id='word_1_305' title='bbox 551 3191 738 3248; x_wconf 89' lang='lat' dir='ltr'>constitutum</span> <span class='ocrx_word' id='word_1_306' title='bbox 758 3199 811 3256; x_wconf 82' lang='lat' dir='ltr'>est,</span> <span class='ocrx_word' id='word_1_307' title='bbox 830 3199 862 3248; x_wconf 94' lang='lat' dir='ltr'>ut</span> <span class='ocrx_word' id='word_1_308' title='bbox 882 3191 933 3267; x_wconf 90' lang='lat' dir='ltr'>qui</span> <span class='ocrx_word' id='word_1_309' title='bbox 952 3211 1046 3250; x_wconf 81' lang='lat' dir='ltr'>servos</span> <span class='ocrx_word' id='word_1_310' title='bbox 1055 3191 1186 3270; x_wconf 75' lang='lat' dir='ltr'>pignoris</span> 
     </span>
     <span class='ocr_line' id='line_1_32' title="bbox 75 3279 1186 3356; baseline -0.001 -17"><span class='ocrx_word' id='word_1_311' title='bbox 75 3288 144 3344; x_wconf 89' lang='lat' dir='ltr'>loco</span> <span class='ocrx_word' id='word_1_312' title='bbox 172 3283 211 3340; x_wconf 75' lang='lat' dir='ltr'>ab</span> <span class='ocrx_word' id='word_1_313' title='bbox 230 3281 295 3338; x_wconf 83' lang='lat' dir='ltr'>aliis</span> <span class='ocrx_word' id='word_1_314' title='bbox 317 3281 345 3338; x_wconf 84' lang='lat' dir='ltr'>ri</span> <span class='ocrx_word' id='word_1_315' title='bbox 365 3279 526 3344; x_wconf 82' lang='lat' dir='ltr'>abstulerit,</span> <span class='ocrx_word' id='word_1_316' title='bbox 544 3280 652 3336; x_wconf 81' lang='lat' dir='ltr'>domne</span> <span class='ocrx_word' id='word_1_317' title='bbox 670 3288 846 3356; x_wconf 84' lang='lat' dir='ltr'>compenset,</span> <span class='ocrx_word' id='word_1_318' title='bbox 863 3298 937 3354; x_wconf 84' lang='lat' dir='ltr'>quae</span> <span class='ocrx_word' id='word_1_319' title='bbox 956 3280 978 3336; x_wconf 93' lang='lat' dir='ltr'>ii</span> <span class='ocrx_word' id='word_1_320' title='bbox 997 3281 1133 3346; x_wconf 78' lang='lat' dir='ltr'>fecerint3</span> <span class='ocrx_word' id='word_1_321' title='bbox 1154 3283 1186 3338; x_wconf 93' lang='lat' dir='ltr'>in</span> 
     </span>
     <span class='ocr_line' id='line_1_33' title="bbox 74 3368 1185 3445; baseline -0.005 -12"><span class='ocrx_word' id='word_1_322' title='bbox 74 3373 168 3433; x_wconf 86' lang='lat' dir='ltr'>titulo</span> <span class='ocrx_word' id='word_1_323' title='bbox 196 3369 283 3434; x_wconf 81' lang='lat' dir='ltr'>Vltl.</span> <span class='ocrx_word' id='word_1_324' title='bbox 312 3368 326 3427; x_wconf 90' lang='lat' dir='ltr'>l</span> <span class='ocrx_word' id='word_1_325' title='bbox 357 3370 430 3428; x_wconf 71' lang='lat' dir='ltr'>odd.</span> <span class='ocrx_word' id='word_1_326' title='bbox 458 3379 566 3432; x_wconf 80' lang='lat' dir='ltr'>autem.</span> <span class='ocrx_word' id='word_1_327' title='bbox 585 3379 618 3425; x_wconf 91' lang='lat' dir='ltr'>ut</span> <span class='ocrx_word' id='word_1_328' title='bbox 637 3368 770 3424; x_wconf 89' lang='lat' dir='ltr'>dominus</span> <span class='ocrx_word' id='word_1_329' title='bbox 790 3369 896 3424; x_wconf 85' lang='lat' dir='ltr'>demna</span> <span class='ocrx_word' id='word_1_330' title='bbox 916 3379 1090 3444; x_wconf 79' lang='lat' dir='ltr'>compenset.</span> <span class='ocrx_word' id='word_1_331' title='bbox 1110 3390 1185 3445; x_wconf 85' lang='lat' dir='ltr'>quac</span> 
     </span>
     <span class='ocr_line' id='line_1_34' title="bbox 75 3455 1186 3536; baseline -0.004 -15"><span class='ocrx_word' id='word_1_332' title='bbox 75 3463 157 3521; x_wconf 84' lang='lat' dir='ltr'>servi</span> <span class='ocrx_word' id='word_1_333' title='bbox 186 3468 237 3516; x_wconf 81' lang='lat' dir='ltr'>eut</span> <span class='ocrx_word' id='word_1_334' title='bbox 262 3459 328 3536; x_wconf 89' lang='lat' dir='ltr'>equi</span> <span class='ocrx_word' id='word_1_335' title='bbox 357 3459 401 3515; x_wconf 93' lang='lat' dir='ltr'>sui</span> <span class='ocrx_word' id='word_1_336' title='bbox 420 3458 536 3536; x_wconf 79' lang='lat' dir='ltr'>pignori</span> <span class='ocrx_word' id='word_1_337' title='bbox 556 3457 615 3514; x_wconf 81' lang='lat' dir='ltr'>deti</span> <span class='ocrx_word' id='word_1_338' title='bbox 635 3457 765 3514; x_wconf 85' lang='lat' dir='ltr'>fecerint.</span> <span class='ocrx_word' id='word_1_339' title='bbox 804 3455 877 3512; x_wconf 84' lang='lat' dir='ltr'>Cum</span> <span class='ocrx_word' id='word_1_340' title='bbox 897 3456 951 3512; x_wconf 84' lang='lat' dir='ltr'>huc</span> <span class='ocrx_word' id='word_1_341' title='bbox 969 3457 1041 3532; x_wconf 77' lang='lat' dir='ltr'>logis</span> <span class='ocrx_word' id='word_1_342' title='bbox 1061 3457 1186 3517; x_wconf 79' lang='lat' dir='ltr'>Ilrisicae</span> 
     </span>
     <span class='ocr_line' id='line_1_35' title="bbox 75 3543 1184 3623; baseline -0.006 -14"><span class='ocrx_word' id='word_1_343' title='bbox 75 3549 284 3610; x_wconf 87' lang='lat' dir='ltr'>constitutione</span> <span class='ocrx_word' id='word_1_344' title='bbox 313 3548 438 3604; x_wconf 79' lang='lat' dir='ltr'>maxime</span> <span class='ocrx_word' id='word_1_345' title='bbox 466 3554 640 3623; x_wconf 80' lang='lat' dir='ltr'>congruunt,</span> <span class='ocrx_word' id='word_1_346' title='bbox 669 3564 745 3619; x_wconf 86' lang='lat' dir='ltr'>quae</span> <span class='ocrx_word' id='word_1_347' title='bbox 774 3544 806 3600; x_wconf 92' lang='lat' dir='ltr'>in</span> <span class='ocrx_word' id='word_1_348' title='bbox 837 3545 880 3602; x_wconf 87' lang='lat' dir='ltr'>tit.</span> <span class='ocrx_word' id='word_1_349' title='bbox 909 3543 1067 3611; x_wconf 84' lang='lat' dir='ltr'><strong>LXXXIX,</strong></span> <span class='ocrx_word' id='word_1_350' title='bbox 1100 3548 1125 3605; x_wconf 94' lang='grc'>1.</span> <span class='ocrx_word' id='word_1_351' title='bbox 1156 3547 1184 3605; x_wconf 90' lang='grc'><strong>2.</strong></span> 
     </span>
     <span class='ocr_line' id='line_1_36' title="bbox 75 3635 1184 3710; baseline -0.006 -11"><span class='ocrx_word' id='word_1_352' title='bbox 75 3643 313 3700; x_wconf 76' lang='lat' dir='ltr'>Alamannorum</span> <span class='ocrx_word' id='word_1_353' title='bbox 333 3645 534 3694; x_wconf 70' lang='lat' dir='ltr'>sanctisunt:</span> <span class='ocrx_word' id='word_1_354' title='bbox 556 3635 593 3692; x_wconf 83' lang='lat' dir='ltr'>Si</span> <span class='ocrx_word' id='word_1_355' title='bbox 611 3638 680 3710; x_wconf 83' lang='lat' dir='ltr'>quis</span> <span class='ocrx_word' id='word_1_356' title='bbox 692 3637 813 3709; x_wconf 77' lang='lat' dir='ltr'>pignus</span> <span class='ocrx_word' id='word_1_357' title='bbox 839 3636 946 3690; x_wconf 85' lang='lat' dir='ltr'>tulerit</span> <span class='ocrx_word' id='word_1_358' title='bbox 966 3642 1071 3690; x_wconf 83' lang='lat' dir='ltr'>contro</span> <span class='ocrx_word' id='word_1_359' title='bbox 1092 3636 1184 3710; x_wconf 75' lang='lat' dir='ltr'>legem</span> 
     </span>
     <span class='ocr_line' id='line_1_37' title="bbox 76 3724 1185 3802; baseline -0.008 -13"><span class='ocrx_word' id='word_1_360' title='bbox 76 3738 139 3789; x_wconf 73' lang='lat' dir='ltr'>aiot</span> <span class='ocrx_word' id='word_1_361' title='bbox 168 3746 288 3785; x_wconf 75' lang='lat' dir='ltr'>sororem</span> <span class='ocrx_word' id='word_1_362' title='bbox 314 3737 369 3784; x_wconf 75' lang='lat' dir='ltr'>oret</span> <span class='ocrx_word' id='word_1_363' title='bbox 395 3746 514 3802; x_wconf 69' lang='lat' dir='ltr'>equorum,</span> <span class='ocrx_word' id='word_1_364' title='bbox 533 3733 697 3800; x_wconf 78' lang='lat' dir='ltr'>postquam</span> <span class='ocrx_word' id='word_1_365' title='bbox 717 3726 806 3781; x_wconf 84' lang='lat' dir='ltr'>illum</span> <span class='ocrx_word' id='word_1_366' title='bbox 826 3725 859 3780; x_wconf 84' lang='lat' dir='ltr'>in</span> <span class='ocrx_word' id='word_1_367' title='bbox 878 3724 999 3780; x_wconf 87' lang='lat' dir='ltr'>domum</span> <span class='ocrx_word' id='word_1_368' title='bbox 1018 3743 1106 3781; x_wconf 79' lang='lat' dir='ltr'>eroum</span> <span class='ocrx_word' id='word_1_369' title='bbox 1125 3725 1185 3781; x_wconf 89' lang='lat' dir='ltr'>du-</span> 
     </span>
     <span class='ocr_line' id='line_1_38' title="bbox 76 3813 1185 3888; baseline -0.008 -10"><span class='ocrx_word' id='word_1_370' title='bbox 76 3821 180 3882; x_wconf 71' lang='lat' dir='ltr'>xerit,</span> <span class='ocrx_word' id='word_1_371' title='bbox 208 3825 237 3873; x_wconf 88' lang='lat' dir='ltr'>et</span> <span class='ocrx_word' id='word_1_372' title='bbox 266 3818 318 3874; x_wconf 84' lang='lat' dir='ltr'>iile</span> <span class='ocrx_word' id='word_1_373' title='bbox 345 3835 447 3874; x_wconf 82' lang='lat' dir='ltr'>seruus</span> <span class='ocrx_word' id='word_1_374' title='bbox 468 3817 511 3872; x_wconf 85' lang='grc'>161</span> <span class='ocrx_word' id='word_1_375' title='bbox 530 3817 676 3872; x_wconf 80' lang='lat' dir='ltr'>Jooruiuom</span> <span class='ocrx_word' id='word_1_376' title='bbox 696 3813 850 3879; x_wconf 79' lang='lat' dir='ltr'>occiderit,</span> <span class='ocrx_word' id='word_1_377' title='bbox 869 3821 925 3870; x_wconf 76' lang='lat' dir='ltr'>ortt</span> <span class='ocrx_word' id='word_1_378' title='bbox 945 3815 997 3870; x_wconf 84' lang='lat' dir='ltr'>ille</span> <span class='ocrx_word' id='word_1_379' title='bbox 1015 3832 1106 3888; x_wconf 73' lang='lat' dir='ltr'>epum</span> <span class='ocrx_word' id='word_1_380' title='bbox 1124 3816 1185 3870; x_wconf 85' lang='lat' dir='ltr'>ali·</span> 
     </span>
     <span class='ocr_line' id='line_1_39' title="bbox 77 3904 1184 3986; baseline -0.006 -20"><span class='ocrx_word' id='word_1_381' title='bbox 77 3907 164 3986; x_wconf 84' lang='lat' dir='ltr'>quod</span> <span class='ocrx_word' id='word_1_382' title='bbox 192 3905 339 3963; x_wconf 83' lang='lat' dir='ltr'>domuum</span> <span class='ocrx_word' id='word_1_383' title='bbox 359 3907 484 3980; x_wconf 81' lang='lat' dir='ltr'>jecerit,</span> <span class='ocrx_word' id='word_1_384' title='bbox 514 3906 597 3972; x_wconf 79' lang='lat' dir='ltr'>iliud</span> <span class='ocrx_word' id='word_1_385' title='bbox 615 3905 761 3961; x_wconf 71' lang='lat' dir='ltr'>damnetur</span> <span class='ocrx_word' id='word_1_386' title='bbox 780 3904 932 3960; x_wconf 73' lang='lat' dir='ltr'>edilium</span> <span class='ocrx_word' id='word_1_387' title='bbox 945 3906 1112 3977; x_wconf 79' lang='lat' dir='ltr'>pertineat,</span> <span class='ocrx_word' id='word_1_388' title='bbox 1131 3905 1184 3978; x_wconf 85' lang='lat' dir='ltr'>qui</span> 
     </span>
     <span class='ocr_line' id='line_1_40' title="bbox 76 3992 1186 4070; baseline -0.005 -16"><span class='ocrx_word' id='word_1_389' title='bbox 76 3997 167 4056; x_wconf 85' lang='lat' dir='ltr'>illud</span> <span class='ocrx_word' id='word_1_390' title='bbox 183 3998 300 4070; x_wconf 74' lang='lat' dir='ltr'>pignus</span> <span class='ocrx_word' id='word_1_391' title='bbox 317 4003 422 4052; x_wconf 84' lang='lat' dir='ltr'>contra</span> <span class='ocrx_word' id='word_1_392' title='bbox 442 3996 535 4070; x_wconf 82' lang='lat' dir='ltr'>legem</span> <span class='ocrx_word' id='word_1_393' title='bbox 556 3996 640 4056; x_wconf 85' lang='lat' dir='ltr'>tulit.</span> <span class='ocrx_word' id='word_1_394' title='bbox 656 4012 713 4049; x_wconf 83' lang='lat' dir='ltr'>uon</span> <span class='ocrx_word' id='word_1_395' title='bbox 734 3992 779 4048; x_wconf 87' lang='lat' dir='ltr'>od</span> <span class='ocrx_word' id='word_1_396' title='bbox 797 3993 951 4049; x_wconf 85' lang='lat' dir='ltr'>domiuum</span> <span class='ocrx_word' id='word_1_397' title='bbox 972 3994 1060 4049; x_wconf 75' lang='lat' dir='ltr'>orcitus</span> <span class='ocrx_word' id='word_1_398' title='bbox 1067 3995 1186 4067; x_wconf 78' lang='lat' dir='ltr'>pipuus</span> 
     </span>
     <span class='ocr_line' id='line_1_41' title="bbox 68 4081 1185 4161; baseline -0.005 -18"><span class='ocrx_word' id='word_1_399' title='bbox 68 4090 156 4161; x_wconf 80' lang='lat' dir='ltr'>ficit.</span> <span class='ocrx_word' id='word_1_400' title='bbox 207 4084 245 4140; x_wconf 87' lang='lat' dir='ltr'>Si</span> <span class='ocrx_word' id='word_1_401' title='bbox 270 4092 371 4141; x_wconf 84' lang='lat' dir='ltr'>cutem</span> <span class='ocrx_word' id='word_1_402' title='bbox 391 4085 531 4140; x_wconf 84' lang='lat' dir='ltr'>domiuus</span> <span class='ocrx_word' id='word_1_403' title='bbox 552 4083 722 4139; x_wconf 78' lang='lat' dir='ltr'>voluntarie</span> <span class='ocrx_word' id='word_1_404' title='bbox 731 4083 850 4155; x_wconf 75' lang='lat' dir='ltr'>pignere</span> <span class='ocrx_word' id='word_1_405' title='bbox 868 4081 989 4137; x_wconf 82' lang='lat' dir='ltr'>dederit</span> <span class='ocrx_word' id='word_1_406' title='bbox 1001 4099 1063 4154; x_wconf 81' lang='lat' dir='ltr'>pro</span> <span class='ocrx_word' id='word_1_407' title='bbox 1079 4083 1185 4155; x_wconf 85' lang='lat' dir='ltr'>aliquo</span> 
     </span>
     <span class='ocr_line' id='line_1_42' title="bbox 77 4170 1183 4248; baseline -0.007 -16"><span class='ocrx_word' id='word_1_408' title='bbox 77 4195 114 4232; x_wconf 85' lang='lat' dir='ltr'>re</span> <span class='ocrx_word' id='word_1_409' title='bbox 133 4175 244 4238; x_wconf 75' lang='lat' dir='ltr'>alictii,</span> <span class='ocrx_word' id='word_1_410' title='bbox 266 4181 294 4229; x_wconf 86' lang='lat' dir='ltr'>et</span> <span class='ocrx_word' id='word_1_411' title='bbox 313 4174 395 4230; x_wconf 86' lang='lat' dir='ltr'>iilud</span> <span class='ocrx_word' id='word_1_412' title='bbox 406 4176 526 4248; x_wconf 78' lang='lat' dir='ltr'>pignus</span> <span class='ocrx_word' id='word_1_413' title='bbox 547 4171 627 4246; x_wconf 78' lang='lat' dir='ltr'>quod</span> <span class='ocrx_word' id='word_1_414' title='bbox 642 4171 750 4226; x_wconf 71' lang='lat' dir='ltr'>dotium</span> <span class='ocrx_word' id='word_1_415' title='bbox 769 4178 811 4226; x_wconf 84' lang='lat' dir='ltr'>oet</span> <span class='ocrx_word' id='word_1_416' title='bbox 833 4171 876 4225; x_wconf 84' lang='lat' dir='ltr'>idi</span> <span class='ocrx_word' id='word_1_417' title='bbox 894 4171 1022 4244; x_wconf 84' lang='lat' dir='ltr'>aliquod</span> <span class='ocrx_word' id='word_1_418' title='bbox 1039 4170 1183 4226; x_wconf 85' lang='lat' dir='ltr'>domnum</span> 
     </span>
     <span class='ocr_line' id='line_1_43' title="bbox 74 4258 1185 4337; baseline -0.006 -16"><span class='ocrx_word' id='word_1_419' title='bbox 74 4267 201 4336; x_wconf 79' lang='lat' dir='ltr'>fecerit,</span> <span class='ocrx_word' id='word_1_420' title='bbox 220 4263 360 4320; x_wconf 78' lang='lat' dir='ltr'>elmuinus</span> <span class='ocrx_word' id='word_1_421' title='bbox 385 4265 450 4319; x_wconf 84' lang='lat' dir='ltr'>eius</span> <span class='ocrx_word' id='word_1_422' title='bbox 477 4265 531 4337; x_wconf 84' lang='lat' dir='ltr'>qui</span> <span class='ocrx_word' id='word_1_423' title='bbox 560 4260 647 4317; x_wconf 84' lang='lat' dir='ltr'>dedit</span> <span class='ocrx_word' id='word_1_424' title='bbox 657 4261 788 4335; x_wconf 77' lang='lat' dir='ltr'>pignus,</span> <span class='ocrx_word' id='word_1_425' title='bbox 804 4259 950 4316; x_wconf 54' lang='lat' dir='ltr'>Quinum</span> <span class='ocrx_word' id='word_1_426' title='bbox 969 4258 1050 4333; x_wconf 85' lang='lat' dir='ltr'>quod</span> <span class='ocrx_word' id='word_1_427' title='bbox 1058 4260 1185 4330; x_wconf 83' lang='lat' dir='ltr'>fuctum</span> 
     </span>
    </p>
   </div>
   <div class='ocr_carea' id='block_1_7' title="bbox 0 0 1520 5184">
    <p class='ocr_par' dir='ltr' id='par_1_14' title="bbox 0 0 1520 5184">
     <span class='ocr_line' id='line_1_44' title="bbox 0 0 1520 5184; baseline 0 0"><span class='ocrx_word' id='word_1_428' title='bbox 0 0 1520 5184; x_wconf 95' lang='lat' dir='ltr'> </span> 
     </span>
    </p>
   </div>
  </div>
 </body>
</html>
