3028 5184
508 421 624 484 Iunnx
645 419 786 484 Rnnun.
1135 415 1193 475 141

130 619 234 675 ticulus
265 616 379 681 indicis,
397 625 452 674 etc.
472 615 561 674 Ado.
584 614 639 679 ΙΙΙ,
660 614 780 673 50-·6Ι.
802 613 848 672 58.
870 617 920 672 lac
940 614 1023 672 Fris.
1044 612 1137 678 XXII,
1150 612 1198 670 66.

132 707 180 781 G).
201 707 320 782 digitus.

90 797 211 853 infau
225 817 255 853 s:
277 797 375 852 iulans
394 804 527 852 enecatus
547 814 564 850 a
586 803 675 850 matre
696 794 733 856 V,
756 794 780 851 l.
801 793 830 852 2.
853 794 898 870 Os.
920 815 1001 871 puer.

92 885 287 944 inferres
319 886 342 942 si
374 886 478 942 rulnus
508 884 639 940 intulerit
659 884 748 940 Add.
770 882 825 947 ΙΙΙ,
844 884 890 942 49.
912 883 959 943 68.
980 885 1032 948 70,
1059 887 1084 941 si
1103 885 1199 944 defor-

130 976 216 1032 mitas
236 975 318 1031 illata
337 975 426 1031 fuerit
447 975 536 1030 Aac.
558 973 615 1036 III,
638 974 690 1035 16,
712 977 751 1047 cf.
773 974 887 1031 vulnus.
932 1045 934 1048 Α

89 1065 132 1120 in
143 1083 162 1140 g
174 1084 189 1120 e
202 1083 220 1119 n
231 1065 243 1119 i
255 1085 272 1120 u
286 1085 332 1120 ma
363 1065 386 1121 si
417 1065 522 1121 nobilis
543 1065 669 1120 nobilem
690 1083 743 1138 per
762 1065 911 1140 ingenium
933 1065 990 1121 alic
1010 1065 1045 1121 ad
1067 1066 1197 1123 occiden-

130 1154 202 1210 dum
222 1154 383 1230 exposuerit
403 1153 443 1217 ΙΙ,
467 1154 490 1210 l.
514 1152 560 1227 Of.
583 1153 726 1208 voluntas.

90 1245 135 1298 in
148 1243 304 1300 ilcerc:
326 1243 375 1317 qni
395 1242 486 1299 libero
516 1242 628 1298 homini
648 1260 751 1298 manus
770 1241 902 1299 iniecerit
921 1241 1016 1308 XXII,
1035 1241 1083 1301 82.
1104 1244 1196 1302 Aac.

131 1330 208 1395 ΙΙΙΙ),
229 1331 254 1388 l.
269 1351 305 1406 p.
327 1331 373 1389 35.
816 1405 818 1409 Ι

90 1421 355 1477 inimicitiae
386 1419 550 1476 inimicitias
579 1421 812 1496 propinquorum
844 1421 970 1477 heminis
1001 1423 1082 1478 occisi
1104 1424 1196 1499 patia-

132 1521 180 1567 tur
210 1509 250 1574 ΙΙ,
279 1508 306 1567 2.
338 1510 366 1567 3.
398 1509 425 1567 5.
459 1509 486 1566 6.
507 1509 544 1572 8,
565 1509 730 1565 inimicitias
750 1518 841 1584 portet
861 1511 923 1566 eius
942 1511 1023 1567 cuius
1042 1513 1196 1588 pecuniam

130 1600 252 1658 abstulit
271 1598 312 1663 ΙΙ,
335 1599 377 1655 ΙΙ.
402 1597 448 1672 Os.
469 1599 593 1654 amicitia
615 1607 643 1654 ct
662 1598 799 1655 faidosus.

91 1691 321 1745 innocens:
353 1707 424 1762 puer
456 1687 582 1762 quilibet
611 1688 750 1743 innocens
774 1686 858 1751 'XIV,
890 1688 923 1750 Ι,
944 1689 994 1763 qui
1014 1690 1197 1748 innocentem

131 1778 265 1854 ligaverit
294 1776 390 1840 XXII,
421 1774 477 1839 82,
498 1777 663 1832 innocentes
683 1785 781 1839 erunt,
800 1777 824 1832 si
844 1785 889 1834 etc
919 1778 998 1841 XIV,
1021 1779 1045 1836 l.
1066 1777 1101 1844 23
1122 1790 1149 1836 et
1170 1801 1198 1838 se

131 1867 255 1924 ferienti
274 1885 351 1941 aqua
369 1866 552 1921 innocentem
572 1866 702 1922 ostendat
722 1865 802 1929 XIV,
821 1865 849 1922 3.
873 1864 918 1941 Of
931 1886 1005 1923 reus.

91 1957 367 2032 inpeIorare=
397 1963 549 2031 componat
579 1954 658 2010 iuxta
686 1955 888 2029 quantitatem,
908 1976 1048 2030 quarem
1068 1959 1130 2015 eius
1150 1960 1197 2016 iu-

131 2047 271 2122 peiorarit
291 2045 381 2102 Adel.
401 2044 440 2108 Χ,
461 2044 486 2099 Ι.
509 2042 555 2116 Os.
577 2044 717 2119 peiorare.

91 2135 369 2192 interficere:
400 2134 565 2190 interfectus
595 2134 625 2188 in
659 2133 796 2190 sediti0ne
815 2135 915 2210 populi
936 2135 1016 2201 XIV,
1041 2137 1073 2201 Ι,
1094 2139 1117 2194 si
1138 2159 1198 2196 ser-

132 2243 185 2280 vus
216 2224 309 2299 (litus)
340 2223 491 2279 dominum
519 2241 603 2279 suum
634 2223 816 2288 interfecerit,
837 2226 986 2281 tormentis
1005 2227 1197 2286 interficiatur

131 2313 195 2378 XX,
215 2313 242 2370 3.
265 2311 312 2386 Os.
332 2312 470 2376 occidere,
489 2330 617 2369 enecare.

91 2401 332 2461 interioras
363 2410 393 2457 ut
422 2401 529 2457 vulnus
559 2400 596 2456 ad
615 2401 754 2457 interiora
775 2403 883 2458 venerit
903 2403 993 2460 Ado.
1014 2404 1072 2468 ΙΙΙ,
1091 2405 1129 2463 30
1151 2406 1197 2481 Cf.

131 2492 248 2550 vulnus.

92 2580 388 2656 interpellare.-
417 2580 470 2652 qui
502 2578 592 2634 alium
621 2578 716 2635 furem
745 2579 939 2654 interpellavit
967 2581 1024 2646 III,
1054 2584 1090 2649 9,
1118 2587 1142 2641 si
1162 2585 1198 2641 de

132 2668 295 2725 minoribus
323 2669 408 2725 furtis
437 2667 524 2724 fuerit
558 2668 757 2744 interpellatus
777 2667 846 2733 XII,
865 2668 899 2730 2,
920 2669 954 2725 de
975 2672 1128 2730 homicidio
1148 2675 1200 2731 ho-

133 2758 226 2814 mines
254 2757 438 2832 interpellare
467 2755 546 2820 XIV,
579 2756 663 2820 1-5;
689 2758 737 2813 ille
757 2757 808 2832 qui
829 2757 1001 2814 homicidam
1022 2779 1087 2817 eum
1109 2763 1199 2820 inter-

132 2847 264 2923 pellavit,
284 2848 359 2903 dicat
379 2865 408 2902 se
428 2845 458 2900 in
479 2844 584 2919 placito
603 2847 719 2922 publico
739 2865 805 2902 eum
826 2847 1013 2922 interpellare
1033 2851 1106 2907 velle
1118 2851 1197 2919 XIV,

134 2936 163 2994 4.
185 2935 232 3009 Cf.
252 2956 384 3012 arguere,
403 2934 590 2999 calumniare,
610 2937 765 3012 imputare,
785 2936 984 2995 incriminare.

92 3027 411 3102 interpellatore
441 3023 475 3080 in
504 3024 559 3080 hoc
586 3025 797 3102 interpellatori
827 3027 950 3083 sufficiat
981 3027 1062 3093 XIV,
1090 3027 1126 3092 2,
1157 3034 1197 3104 cf,

132 3117 327 3192 interpellare.

93 3207 132 3262 in
145 3207 357 3266 tostinum:
389 3208 526 3266 intestina
557 3208 599 3264 rel
620 3206 719 3264 butelli
737 3206 874 3282 perforati
895 3207 972 3264 Iud.
994 3206 1080 3266 Wul.
1100 3207 1137 3272 3,
1158 3214 1198 3285 cs.

134 3295 266 3353 botellus.

95 3384 283 3441 inutilis=
315 3385 339 3440 si
369 3385 474 3462 digitus
506 3386 695 3462 (membrum)
724 3383 836 3439 inutilis
862 3383 1030 3458 pependerit
1048 3384 1137 3445 Aac.
1158 3388 1199 3456 ΙΙ,

137 3473 182 3530 10.
203 3472 259 3539 ΙΙΙ,
281 3471 328 3530 46.
351 3473 397 3549 Os.
418 3495 549 3533 mancus.
861 3481 862 3484 ’

93 3563 305 3619 invenire:
337 3563 360 3619 si
392 3565 537 3621 homicida
569 3582 628 3619 non
659 3561 764 3638 poterit
793 3560 919 3616 inveniri
949 3560 1028 3625 XIV,
1064 3561 1075 3618 l
1100 3565 1153 3640 (cf.
1174 3568 1199 3623 si

133 3652 314 3726 campionem
333 3653 463 3710 invenire
482 3653 607 3730 potuerit
626 3651 706 3715 ΧΠ,
726 3647 768 3725 7).

92 3743 175 3797 irat
205 3741 229 3795 si
249 3741 315 3814 quis
333 3741 425 3798 alium
445 3761 497 3818 per
516 3743 591 3798 iram
612 3737 783 3818 percusserit
803 3735 899 3799 XXII,
921 3736 955 3800 1,
976 3741 1015 3811 cf.
1035 3739 1136 3797 iratus.

93 3831 157 3886 ira
169 3838 248 3886 tusa
278 3830 303 3886 si
323 3831 388 3904 quis
407 3832 499 3887 alium
518 3831 609 3887 iratus
628 3849 678 3906 per
699 3827 818 3904 capillos
837 3827 1086 3901 comprehenderit
1102 3829 1199 3898 XXII,

135 3917 191 3983 65,
212 3922 251 3991 cs,
272 3919 316 3975 ira
336 3928 364 3976 et
384 3920 544 3996 ingenium,
565 3921 707 3976 voluntas.

93 4009 302 4083 irrogaret
333 4009 379 4064 cui
399 4010 544 4065 calumnia
564 4010 691 4083 irrogata
711 4016 752 4064 est
771 4007 823 4072 XI,
843 4005 871 4064 3.
894 4004 941 4078 Cf.
962 4005 1148 4068 calumniare.

92 4096 238 4158 indens
269 4097 356 4162 iuret,
387 4098 467 4155 iuxta
496 4098 573 4173 quud
603 4097 689 4154 iudex
719 4096 869 4153 dictaverit
899 4095 952 4160 Π,
980 4095 1016 4161 3,
1035 4095 1201 4176 interpollet

133 4204 200 4242 eum
221 4187 253 4242 in
272 4187 378 4263 placito
398 4206 496 4245 coram
516 4185 659 4244 iudicibus
678 4185 757 4247 XIV,
777 4185 806 4242 4.

95 4274 303 4333 iudicarer
335 4274 354 4331 4
383 4276 466 4336 solid.
496 4274 648 4351 culpabilis
674 4274 818 4331 indicetur
845 4272 955 4337 XVIII,
987 4274 1019 4337 Ι,
1040 4273 1072 4330 in
1092 4275 1202 4353 simplo
