3020 5174
707 439 778 494 LEX
800 437 1004 490 rnlslonum.

729 645 862 714 ΤΙΤ.
910 645 1010 711 11²⁰.

748 877 927 925 noeansm
945 863 986 922 ²¹.

865 1083 889 1132 1.

367 1175 405 1243 Si
436 1173 551 1243 nobilis
579 1171 718 1240 nobilem
753 1197 811 1260 per
845 1174 1014 1261 ingenium
1046 1171 1107 1238 alio
1130 1172 1251 1238 homini
1275 1173 1320 1238 ad
1346 1171 1427 1237 occi·

323 1281 507 1350 dendum22
532 1280 715 1368 exposuerit
725 1288 768 1360 2³,
793 1296 826 1346 et
848 1281 876 1346 is
901 1281 956 1366 qui
974 1279 1179 1345 eumoccidit
1195 1280 1301 1364 patria
1319 1279 1427 1345 relicta

322 1389 521 1477 profugerit,
546 1387 601 1474 qui
629 1411 702 1453 eum
719 1388 868 1474 exposuit
885 1387 1010 1452 tertiam
1027 1396 1150 1471 partem
1167 1384 1270 1450 leudis
1283 1390 1320 1434 2⁴
1346 1408 1428 1449 com-

320 1506 428 1583 ponat.

859 1615 896 1662 11.

368 1703 404 1770 Si
429 1728 506 1771 vero
532 1703 692 1771 homicida
715 1728 780 1770 non
804 1704 944 1793 fugerit,
969 1703 1047 1769 nihil
1072 1703 1192 1782 solvat,
1221 1701 1279 1769 sed
1304 1714 1426 1768 tautum

322 1811 501 1876 inimicitias
520 1817 550 1860 2⁵
587 1813 842 1899 propinquorum
881 1811 1017 1876 hominis
1049 1810 1144 1875 occisi
1179 1810 1343 1896 patiatur,
1374 1808 1427 1873 do-

323 1940 383 1982 nec
406 1917 568 2002 quomodo
592 1917 733 2003 potuerit
759 1940 870 1982 eorum
895 1917 1064 1981 amicitiam
1089 1913 1295 2001 adipiscatur.

850 2041 898 2086 111.

374 2123 411 2191 Si
435 2136 541 2191 autem
562 2123 623 2191 hoc
639 2125 752 2191 fecisse
769 2125 898 2206 dicitur,
915 2138 947 2192 et
974 2127 1154 2214 negaverit,
1177 2148 1251 2191 cum
1276 2128 1382 2194 tribus
1398 2129 1426 2174 ²⁶

325 2231 605 2298 sacramentalibus
629 2233 723 2308 iuret,
748 2233 774 2296 ei
791 2231 845 2296 ille
862 2233 918 2317 qui
934 2229 1094 2297 hominem
1110 2231 1227 2297 occidit
1243 2233 1425 2321 profugium

324 2337 412 2414 fecit3
452 2337 500 2401 sin
527 2359 602 2402 vero
626 2336 786 2402 homicida
809 2337 892 2402 infra
916 2337 1051 2423 patriam
1076 2349 1142 2414 est,
1165 2337 1331 2422 expositor
1355 2334 1425 2401 nihil

325 2445 427 2522 iuret,
460 2442 516 2507 sed
541 2453 666 2508 tantum
690 2444 870 2508 inimicitias
894 2444 1150 2530 propinquorum
1174 2443 1270 2508 occisi
1294 2442 1425 2510 hominis

324 2550 484 2637 patiatur,
508 2549 611 2614 donec
634 2571 708 2614 cum
733 2549 779 2615 eis
804 2571 935 2635 quoquo
961 2550 1055 2615 modo
1079 2549 1221 2636 potuerit
1243 2550 1276 2614 in
1295 2549 1425 2639 gratiam

326 2667 518 2721 revertatur.

857 2777 905 2826 IV.

375 2865 410 2933 Si
434 2867 550 2932 nobilis
582 2866 720 2933 liberum
751 2867 912 2933 hominem
936 2867 1121 2953 exposuisse
1145 2868 1282 2945 dicitur,
1306 2864 1425 2932 tertiam
1486 2883 1487 2922 i

329 2981 453 3059 partem
488 2969 593 3037 lendis
625 2973 694 3036 eius
718 2983 905 3058 componat,
942 2973 968 3036 si
992 2983 1083 3037 extra
1106 2974 1243 3059 patriam
1266 2971 1354 3062 fugit
1376 2964 1425 3054 qui

329 3076 490 3143 hominem
525 3077 659 3162 occidit,
695 3079 822 3144 sivero
846 3077 930 3143 infra
954 3079 1088 3163 patriam
1113 3088 1177 3156 est,
1207 3079 1287 3143 nihil
1313 3077 1424 3146 solvam

330 3180 419 3268 quod
450 3183 477 3246 si
507 3183 691 3269 negaverit,
727 3182 870 3249 similiter
901 3183 984 3248 sicut
1008 3183 1048 3248 de
1079 3184 1178 3249 nobili
1201 3192 1424 3250 sacramentum

329 3289 430 3364 iuret,
459 3286 554 3352 tertia
577 3288 765 3353 sacramenti
788 3289 935 3375 portione
959 3288 1109 3374 adempta
1132 3301 1265 3376 propter
1288 3290 1424 3357 viliorem

329 3414 499 3480 personam
523 3392 616 3459 liberi
640 3393 777 3460 hominis
795 3397 837 3457 2⁷.

864 3517 898 3564 v.

378 3601 415 3670 Si
446 3601 487 3670 de
520 3603 579 3671 lito
609 3602 695 3670 idem
727 3602 832 3671 scelus
856 3605 886 3670 ei
909 3605 1106 3691 imputetur,
1139 3616 1171 3670 et
1195 3605 1354 3671 homicida
1376 3597 1424 3664 de·

331 3710 450 3789 fuerit,
500 3721 537 3774 ut
585 3711 733 3797 superius
781 3711 821 3776 de
860 3710 961 3776 libero
1002 3721 1235 3776 sacramentum
1274 3707 1423 3798 perficiat,
1483 3737 1484 3785 t

331 3813 482 3898 adempta
504 3813 605 3898 ipsius
629 3816 818 3880 sacramenti
835 3813 965 3880 dimidia
982 3816 1128 3900 portione
1137 3841 1147 3894 3
1164 3816 1292 3882 solvens
1308 3813 1423 3882 tertiam

332 3918 510 4005 portionem
541 3917 645 3984 leudis
677 3921 763 3996 eius,
796 3920 823 3984 si
854 3943 974 4008 negare
1008 3943 1071 3986 non
1103 3923 1261 4007 potuerit;
1294 3932 1328 3988 et
1357 3912 1422 3982 siis

333 4023 390 4110 qui
413 4045 487 4088 eum
510 4024 627 4090 occidit
642 4025 726 4092 infra
742 4026 877 4112 patriam
894 4026 1002 4105 fuerit,
1019 4027 1102 4092 sicut
1119 4028 1266 4113 superius
1286 4026 1422 4094 diximus

334 4129 497 4215 expositor
528 4153 588 4195 nec
618 4132 721 4211 iuret,
753 4154 812 4197 nec
843 4131 970 4197 leudem
1007 4133 1128 4210 solvat,
1165 4132 1220 4198 sed
1255 4125 1421 4198 inimicitias
1481 4215 1482 4224 ἵ

334 4235 589 4323 propinquorum
615 4236 710 4302 occisi
734 4235 885 4324 patiatur,
910 4237 1011 4303 donec
1032 4261 1065 4303 se
1090 4261 1162 4304 cum
1180 4240 1225 4304 eis
1241 4231 1421 4304 reconciliet
1481 4227 1482 4273 i
