3098 5176
332 417 451 468 xxxvr
740 413 812 460 nux
832 411 1039 462 naulorum.
1098 389 1103 397 “

334 632 418 701 tem,
455 619 533 706 quin
568 617 711 683 Karolus
747 604 888 705 Magnus
924 615 1021 682 fuerit
1056 638 1132 695 rex,
1162 617 1217 703 qui
1245 615 1455 704 publicasset

333 725 473 795 edietum
507 719 604 799 illud3
642 721 756 788 titulus
780 723 865 790 enim
896 723 1051 808 septimus
1082 720 1219 788 Frisium
1255 721 1455 788 orientalem

330 832 487 908 nominat,
512 852 531 894 a
553 825 678 893 Karolo
702 827 826 914 Magno
851 826 979 892 demum
1001 849 1102 914 regno
1127 825 1341 892 Francorum
1378 827 1455 892 sub·

330 939 463 1016 iectam,
500 946 532 1000 et
567 957 652 1021 quae
686 933 720 1001 in
754 934 851 999 titulo
886 931 980 1012 XX,
1018 935 1037 998 2
1073 932 1154 1020 legis
1188 931 1391 1001 Frisionum
1415 933 1455 997 de

333 1042 564 1130 compositione
588 1039 699 1106 novies
724 1038 878 1104 sumenda
902 1038 993 1103 nobis
1017 1049 1208 1116 occurrunt,
1231 1039 1312 1126 ipse
1344 1037 1454 1104 Karo-

330 1148 382 1215 lus
398 1147 541 1234 Magnus
558 1145 591 1214 iu
607 1144 680 1232 lege
704 1141 868 1211 Saxonum
891 1143 940 1222 II,
970 1144 989 1208 6
1014 1143 1084 1232 (vel
1108 1142 1158 1209 ed.
1183 1143 1322 1210 Merkel
1350 1147 1366 1232 §
1395 1145 1454 1231 19)

333 1253 516 1319 constituit:
548 1252 577 1314 si
607 1253 826 1316 mordritotum
858 1252 928 1338 qaia
950 1252 1077 1334 feeerit,
1110 1263 1322 1336 componatur
1344 1252 1453 1338 primo

332 1361 367 1428 ia
401 1356 514 1444 simplo
554 1357 643 1422 irrata
683 1357 885 1424 conditionem
918 1379 1009 1420 attam
1044 1354 1153 1442 (ouius
1188 1355 1340 1424 mulctae
1378 1377 1453 1441 pars

331 1463 428 1533 tertia
451 1485 471 1528 a
493 1461 646 1549 proximis
670 1461 738 1526 eius
763 1461 820 1547 qni
842 1459 967 1526 facinus
991 1462 1190 1550 perpetravit
1218 1461 1451 1548 componenda

333 1579 399 1648 est,
434 1567 519 1633 duae
553 1590 632 1632 vero
668 1577 777 1654 partes
814 1565 855 1632 ab
890 1565 980 1654 illo),
1016 1579 1044 1632 et
1074 1569 1201 1654 insuper
1224 1570 1323 1636 octies
1350 1569 1393 1644 ab
1418 1588 1451 1632 eo

332 1687 542 1764 componatur.
592 1670 699 1753 Quem
735 1671 868 1740 titulum
902 1671 984 1760 legis
1020 1669 1186 1740 Saxonum
1222 1672 1314 1744 inter
1348 1692 1449 1738 annos

334 1779 400 1848 785
433 1789 466 1844 et
499 1781 565 1846 797
598 1801 618 1844 a
648 1776 772 1844 Karolo
804 1776 927 1866 Magno
959 1777 1157 1864 publicatum
1189 1800 1277 1856 esse,
1311 1799 1449 1854 eonsen-

331 1884 417 1950 tiunt
440 1883 501 1948 viri
525 1882 629 1962 docti,
653 1881 728 1948 vide
753 1880 884 1948 Merkel
906 1879 980 1946 Lex
1004 1879 1169 1950 Saxonum
1194 1905 1225 1969 p.
1253 1883 1286 1947 5.

377 2118 411 2187 y.
458 2090 579 2157 Librae
615 2090 729 2178 viginti
768 2088 952 2157 solidorum.
1015 2090 1120 2158 Tituli
1158 2090 1230 2158 XV
1271 2102 1308 2158 et
1353 2089 1446 2157 XVI

330 2197 412 2286 legis
451 2194 653 2275 Frisionnm,
690 2195 746 2281 qui
782 2195 944 2283 pertinent
980 2196 1021 2262 ad
1055 2196 1193 2263 Frisium
1229 2198 1442 2276 orientalem,

332 2325 415 2370 anno
449 2301 515 2367 785
548 2323 649 2387 regno
685 2299 886 2376 Francorum
921 2301 1114 2382 subiectam,
1155 2303 1357 2372 mentionem
1397 2301 1444 2368 fa·

331 2409 421 2476 ciunt
461 2406 615 2474 librarum
655 2405 772 2494 viginti
812 2407 1008 2486 solidorum3
1049 2408 1107 2474 has
1148 2419 1256 2474 autem
1305 2433 1327 2474 a
1373 2407 1442 2472 Ka-

332 2514 402 2580 rolo
441 2512 566 2600 Magno
602 2512 636 2576 in
672 2534 773 2599 regno
808 2511 1009 2581 Francorum
1049 2535 1118 2578 esse
1156 2514 1323 2580 institutas
1367 2535 1443 2579 oon·

331 2628 417 2708 stat3
441 2639 482 2682 ex
514 2616 619 2683 edicto
650 2613 784 2703 Pippini
813 2617 899 2706 regis
931 2616 1033 2682 librae
1065 2616 1182 2684 solidos
1213 2619 1334 2708 viginti
1359 2621 1440 2684 duos

335 2722 530 2790 babuerunt.

378 2825 498 2894 Annus
522 2848 587 2913 quo
611 2824 754 2892 Karolus
778 2824 921 2914 Magnus
946 2827 1109 2907 edixerat,
1141 2839 1180 2893 ut
1202 2828 1306 2896 librae
1332 2836 1439 2896 essent

331 2932 449 3021 viginti
465 2929 651 3010 solidorum,
674 2930 857 3020 incognitus
881 2942 943 3010 est3
969 2933 1020 2997 vir
1044 2930 1158 2998 doetus
1183 2930 1338 3000 Guerard
1363 2955 1438 2999 eon-

328 3037 408 3104 ieoit
437 3056 556 3102 annum
590 3036 676 3114 779,
708 3056 847 3122 eumque
879 3037 981 3102 secuti
1013 3046 1087 3106 sunt
1120 3038 1292 3125 scriptores
1326 3059 1438 3105 recen·
1521 3109 1522 3134 χ

332 3142 442 3220 tiores,
464 3138 556 3205 verbi
579 3138 684 3226 gratia
709 3136 737 3202 Ι.
761 3139 806 3204 Η.
825 3137 950 3206 Muller
964 3139 1130 3210 Deuteohe
1146 3141 1437 3231 Munzgesohichte
1521 3135 1522 3138 '

332 3244 471 3332 Leipzig
510 3243 610 3309 1860.
649 3240 679 3308 Ι.
712 3265 745 3331 p.
782 3245 837 3311 96.
863 3245 906 3310 99
932 3254 964 3310 et
987 3244 1099 3314 Waitz
1121 3246 1164 3314 D.
1188 3247 1281 3317 vert
1305 3248 1350 3318 G.
1374 3244 1435 3313 IV.

332 3372 365 3439 p.
391 3351 435 3418 70
452 3353 495 3415 4⁶.
918 3415 919 3420 ,

379 3451 477 3536 Quae
507 3475 609 3541 quum
639 3455 684 3521 ita
714 3456 795 3534 sint,
826 3477 971 3525 censeam
1002 3466 1125 3549 partem
1154 3457 1328 3528 secundam
1354 3457 1433 3548 legis

331 3560 517 3628 Frisiorum
548 3557 607 3650 (=
637 3557 708 3651 Π),
740 3559 833 3632 cuius
860 3561 1001 3650 capitula
1023 3583 1055 3650 p.
1173 3563 1325 3647 laudavi,
1350 3584 1432 3633 anno

334 3665 401 3733 785
438 3666 590 3754 scriptam
624 3688 710 3746 esee3
746 3689 853 3754 neque
884 3669 947 3736 loci
970 3666 1102 3756 quidam
1125 3667 1284 3738 dictorum
1307 3671 1432 3766 eapitu-
1521 3671 1522 3676 ’

332 3771 439 3838 lorum
462 3792 546 3837 anno
572 3769 638 3836 785
662 3781 853 3862 repugnent.
899 3772 974 3841 Non
998 3761 1082 3846 enim
1106 3777 1278 3866 comprobo
1305 3785 1432 3850 senten-

367 4063 400 4108 46
434 4057 504 4108 Vide
530 4055 646 4122 Capitol.
669 4055 776 4123 Pippini
794 4059 854 4110 anni
871 4060 921 4112 ino.
948 4077 1005 4128 cap.
1022 4067 1054 4113 tte
1070 4061 1112 4114 De
1129 4075 1223 4119 moneta
1249 4069 1428 4124 constitutam,
1521 4115 1522 4138 ,

333 4149 361 4193 at
384 4137 491 4204 amphisa
516 4155 564 4188 aon
581 4138 670 4190 lubeat
687 4138 713 4190 in
732 4139 797 4191 libra
811 4151 932 4206 pensante
950 4143 1003 4194 nisi
1017 4150 1050 4196 22
1067 4145 1177 4209 solidos,
1194 4149 1267 4200 Mon.
1285 4147 1320 4202 G.
1334 4149 1391 4201 Ha
1406 4145 1427 4196 Ι.

329 4237 356 4289 p.
373 4225 422 4282 tl,
439 4223 465 4272 et
481 4217 677 4286 cupitlittroli
693 4219 732 4272 Μ.
749 4235 774 4272 a.
792 4222 839 4272 779
859 4237 880 4274 o.
899 4228 929 4286 9,
945 4222 1019 4276 Mon.
1037 4223 1070 4278 G.
1086 4226 1143 4278 LL.
1161 4228 1185 4281 1.
1201 4244 1229 4296 p.
1246 4236 1288 4284 41.
