3028 5184
350 437 444 503 Ann.
465 434 547 504 Sar.
590 431 620 496 T
641 449 654 495 1
675 448 706 497 r.
727 433 791 500 III.
831 427 919 522 (68.
1117 437 1176 503 101

79 631 152 694 talis.
170 630 306 688 firmatur
325 630 442 707 capituli
462 628 500 688 68
520 630 613 687 verbis
632 630 776 692 extremis.
795 649 870 704 qnae
889 630 934 687 ius
953 630 1062 689 Frisios
1080 633 1173 690 orien-

76 720 137 777 talis
156 729 381 777 commemorant
400 721 438 777 ab
457 738 491 775 eo
511 718 654 777 diversum
674 717 750 792 quod
760 718 791 774 in
803 719 929 794 capitulo
940 720 1001 796 ipso
1011 723 1169 798 expositum

74 819 130 874 ost3
162 808 200 866 ad
232 807 355 865 Frisium
387 808 512 865 mediam
540 815 636 863 autem
663 807 787 882 capitula
817 806 927 865 68-70
957 811 1034 867 haud
1066 813 1173 869 referre

73 898 171 963 selim,
191 899 261 974 quia
279 898 371 974 posita
391 907 458 955 sunt
477 897 554 953 inter
573 897 701 972 capitula
722 895 833 955 59-75
852 899 971 954 iudicia
994 899 1173 959 Sarrmuadi

72 988 224 1063 inscripta,
252 1006 376 1062 quorum
407 987 549 1042 nonnulla
577 985 622 1042 ius
652 985 818 1042 describunt
837 987 915 1062 quod
934 986 1042 1047 Frisiae
1063 991 1172 1049 mediae

72 1077 201 1133 alienum
223 1084 275 1138 est,
294 1075 372 1135 conf.
392 1095 455 1152 cap.
475 1075 523 1132 59.
543 1073 590 1132 65.
612 1073 658 1131 66.
678 1074 727 1133 72.

110 1165 146 1201 ²⁴
188 1166 220 1223 si
249 1165 414 1242 quadrupes
441 1166 587 1222 hominem
608 1164 810 1230 vulneraverit,
829 1168 997 1224 auctoritate
1016 1171 1170 1229 verborum

70 1275 146 1332 quae
175 1265 302 1312 extremo
333 1275 395 1332 cap.
426 1255 464 1313 68
483 1264 552 1312 sunt
570 1254 690 1317 adiecta.
710 1257 774 1312 iore
793 1255 901 1312 Frisiao
921 1258 1070 1315 orientalis
1089 1280 1172 1318 sane·

70 1354 131 1402 tum
153 1353 205 1408 est,
225 1353 256 1401 ut
275 1345 410 1402 dominns
429 1344 626 1421 quadrupedis
647 1345 784 1400 mulctam
805 1345 887 1402 daret
908 1347 1077 1425 simplicem,
1096 1371 1172 1427 quae

69 1443 110 1489 ter
141 1432 276 1490 solvenda
306 1433 415 1496 fuisset,
434 1434 458 1489 si
479 1433 538 1508 ipse
558 1431 661 1490 vulnus
681 1434 809 1497 fecissen
829 1433 860 1490 in
881 1433 972 1492 Frisia
992 1439 1171 1504 occidentali,

68 1523 103 1579 sd
132 1542 222 1598 quam
242 1523 362 1597 capituli
383 1521 420 1580 68
445 1531 557 1598 partem
575 1521 699 1598 priorem
722 1523 856 1588 referam,
876 1525 952 1581 solae
972 1547 988 1580 u
1000 1535 1055 1583 tres
1074 1539 1170 1605 partes

68 1612 101 1669 de
133 1612 197 1688 ipsa
227 1612 334 1668 mulcta
369 1619 591 1687 componuntur.
620 1620 725 1686 quarta
754 1613 885 1688 portione
914 1614 1061 1674 dimissa'’.
1103 1619 1169 1676 Plu·

67 1701 161 1759 rimae
189 1701 265 1777 leges
297 1699 404 1756 Frisiae
425 1701 607 1762 recentiores.
625 1719 698 1774 quae
720 1701 934 1759 rerbafsciunt
954 1704 1107 1763 decadem
1128 1729 1170 1774 re,

3 1823 4 1826 ¹
67 1792 170 1848 volunt
200 1790 350 1846 dominum
371 1790 566 1866 quadrupedis
587 1790 726 1846 mulctam
746 1790 815 1846 dare
835 1791 997 1858 dimidiam,
1015 1805 1064 1853 661
1085 1800 1168 1856 tertia

66 1890 150 1957 parte
180 1879 367 1944 diminutam,
397 1899 455 1936 non
485 1899 608 1956 poenam
635 1880 729 1956 paciss
761 1880 984 1939 fundamentum
1005 1905 1117 1953 earum,
1136 1900 1169 1947 ut

66 1971 104 2027 ita
126 1970 286 2034 dicam‚est
305 1970 468 2026 constitutio
488 1969 666 2033 duodecima,
687 1970 771 2046 vulgo
791 1969 983 2030 laudriacltt
992 1974 1073 2034 XII
1081 1978 1168 2044 dicta,

66 2059 151 2116 initio
171 2059 277 2116 saeculi
297 2059 399 2115 decimi
420 2060 496 2115 tertii
516 2060 636 2135 scripta:
654 2061 684 2115 si
702 2060 780 2133 quid
792 2060 992 2134 deussecerit.
1011 2069 1059 2123 vel
1074 2088 1166 2127 cornu

67 2170 114 2206 seu
147 2151 276 2223 ringulae.
301 2151 348 2205 uel
365 2150 446 2222 galli
465 2151 596 2211 arideus,
615 2167 664 2204 seu
684 2167 798 2212 seruus,
820 2151 866 2205 uel
884 2152 988 2224 iasaas
1007 2157 1094 2231 iqua
1113 2180 1168 2217 au.

66 2259 129 2304 uos,
159 2241 207 2295 uel
232 2241 297 2294 ciri
326 2257 419 2301 eram,
447 2241 495 2296 ael
521 2240 573 2293 uir
592 2240 654 2312 ipse
666 2246 738 2313 post
759 2246 879 2312 tergum
890 2242 1014 2313 jecerit.
1032 2249 1060 2301 si
1079 2249 1116 2304 id
1133 2253 1167 2306 in

66 2330 210 2402 reliquiis
240 2328 400 2401 verificare
431 2329 569 2390 uolrierit.
599 2328 680 2402 qrsod
708 2330 770 2401 ipsi
799 2330 852 2385 loc
862 2331 977 2400 suaserit
997 2336 1166 2396 involunta-

66 2421 153 2474 rium
174 2419 298 2491 sactrrm
327 2425 355 2472 et
375 2416 507 2479 isosceli,
526 2424 597 2472 tuac
616 2416 698 2471 debet
716 2417 753 2472 iel
772 2418 927 2473 mandari
945 2440 1013 2478 crem
1032 2425 1166 2485 dimidia

64 2506 194 2562 emenda
204 2525 217 2570 ;
246 2509 333 2563 arella
357 2525 455 2580 poena
471 2508 560 2579 pacis
579 2507 704 2563 debetur
716 2509 830 2579 popello
849 2526 900 2563 aec
919 2509 1056 2577 slrrrlteta
1077 2515 1164 2586 Fries.

65 2597 201 2670 Rechtsq.
231 2613 261 2670 p.
281 2594 337 2657 603
358 2595 434 2651 conf.
455 2613 520 2650 cum
542 2596 595 2651 hac
615 2594 815 2651 constitutione
835 2594 911 2671 leges
930 2618 1003 2674 quae
1023 2605 1166 2678 pertinent

65 2685 101 2741 ad
135 2682 257 2740 Frisiam
287 2683 456 2740 orientalem
486 2684 517 2739 in
545 2682 633 2740 Iertes.
661 2683 792 2758 Reohtsq.
812 2703 841 2759 p.
862 2684 900 2741 60
919 2686 972 2745 lin.
991 2688 1039 2748 26.
1058 2713 1089 2768 p.
1109 2695 1165 2754 205

65 2774 150 2851 (44.
170 2773 216 2830 45.
236 2793 266 2849 p.
287 2772 343 2829 226
363 2773 377 2848 §
400 2772 434 2828 18
454 2781 481 2828 61
501 2792 530 2848 p.
553 2772 607 2828 177
627 2772 640 2847 ξ
664 2770 971 2835 macaronesum
992 2782 1115 2840 mediam
1134 2788 1166 2844 in

66 2865 159 2921 Fries.
191 2861 323 2938 Rechtsq.
354 2881 382 2936 p.
414 2859 447 2917 61
481 2862 534 2919 lin.
566 2860 613 2918 26.
632 2881 661 2938 p.
683 2861 739 2918 472
759 2862 772 2937 6
793 2862 913 2923 67-70.
934 2866 991 2923 446
1012 2869 1024 2944 ξ
1045 2869 1165 2936 20-22.

66 2954 124 3010 456
157 2950 501 3028 §el—23.1rst§15.
535 2949 793 3011 1611971516.
835 2953 876 3010 116
895 2955 992 3012 eadem
1015 2979 1046 3015 re
1065 2966 1167 3021 consti-

66 3053 163 3100 tutum
194 3051 234 3098 est
263 3042 296 3096 iu
325 3041 388 3118 lege
408 3042 555 3099 Saxonum
575 3039 646 3097 Xlll
667 3041 724 3113 (66.
744 3041 854 3099 Merkel
873 3063 897 3100 6.
918 3043 985 3114 571:
1005 3053 1033 3104 si
1051 3056 1171 3112 animal

66 3134 218 3209 qasodlibet
248 3133 393 3188 damnum
423 3134 544 3187 cuilibet
575 3132 727 3193 intulerit.
757 3135 795 3188 ab
825 3153 855 3188 eo
884 3138 971 3192 meires
999 3146 1167 3201 constiterit

66 3230 274 3297 corriperetur,
303 3229 425 3296 excepta
446 3222 570 3295 saida,·
589 3221 620 3276 in
639 3221 701 3296 lege
721 3221 935 3299 Thuringorum
954 3226 994 3284 XI
1015 3229 1073 3303 (66.
1093 3232 1166 3290 Mer.

67 3314 115 3369 kel
147 3310 184 3374 V,
211 3310 259 3380 'ils
281 3312 308 3365 si
336 3310 509 3384 quadrupes
538 3311 683 3366 domuum
715 3313 864 3386 quodlibet
873 3316 998 3386 fecerit,
1017 3339 1167 3392 possessor

61 3422 123 3476 pro
154 3401 301 3476 paralitate
331 3401 449 3462 damni,
478 3403 525 3456 uel
553 3402 788 3472 cmupasitiouem
808 3404 913 3467 soluat,
933 3407 979 3461 vel
996 3427 1166 3470 sacramen·

68 3500 134 3548 tum
153 3493 236 3545 iuret
245 3508 259 3554 ;
277 3489 351 3544 conf.
374 3488 464 3544 116161.
484 3487 601 3545 liothar.
623 3508 648 3545 c.
668 3487 742 3551 330;
762 3497 790 3544 61
808 3489 840 3546 in
860 3490 914 3566 leg.
936 3491 995 3551 Sal.
1016 3515 1040 3553 c.
1061 3499 1098 3557 36
1118 3505 1163 3563 ed,

66 3579 196 3637 Merkels
226 3581 255 3634 si
284 3581 352 3653 qssis
382 3580 467 3634 auno
495 3597 533 3633 ea
559 3580 687 3653 qualibet
716 3579 912 3652 qrradrarperle
940 3582 1097 3644 domestico
1117 3611 1163 3648 oc·

66 3674 148 3728 ciem
166 3669 282 3741 suerit,
309 3667 495 3723 medietatem
514 3669 732 3741 compositionis
752 3667 891 3724 (lominus
911 3671 1008 3743 ipsius
1028 3678 1163 3749 quadra.

60 3760 153 3834 perlis
173 3765 300 3832 coyatur
320 3758 477 3818 exsoluere,
496 3758 598 3829 ipsum
618 3776 686 3813 aero
705 3757 930 3832 qaeadrupedem
934 3779 996 3834 pro
1006 3765 1163 3825 medietate

66 3847 287 3922 composuimus
317 3848 463 3902 restituat
492 3849 672 3920 requirenti,
700 3846 776 3903 conf.
804 3847 825 3904 1.
856 3848 920 3924 Rip.
950 3868 974 3906 6.
1004 3850 1050 3910 46.
1091 3854 1164 3914 Vide

66 3938 166 3995 Wilda
185 3956 216 4013 p.
235 3934 301 3992 555.
321 3932 388 3992 588.

107 4028 139 4063 ²⁵
183 4025 271 4101 Leges
298 4023 406 4080 Frisiac
436 4024 606 4080 recentiores
626 4024 747 4081 vulnere
766 4036 924 4090 recensent,
943 4048 1016 4102 quae
1036 4031 1164 4093 fecerant

68 4119 167 4176 lrcrses
186 4115 243 4189 (rel
263 4114 410 4190 lsiugstes)
431 4115 493 4186 llos,
513 4115 663 4171 lsritlseres
682 4115 740 4188 (rel
761 4117 833 4191 osca)
852 4118 1167 4195 aornmueppesamn.

66 4210 175 4266 swiues
196 4205 272 4268 totle,
290 4204 405 4261 ariades
425 4204 505 4267 tarsis,
525 4204 612 4260 lsatta
632 4205 686 4267 bit,
705 4205 784 4261 hona
803 4207 882 4262 etsel.

107 4296 140 4334 ²⁸
184 4291 481 4352 0166623621.
1002 4283 1005 4290 ’
