3020 5174
726 455 797 500 LEX
817 451 1026 501 rurstouum.

706 717 707 720 ,
786 661 946 723 xv111⁶2.

371 761 408 830 Si
440 764 554 830 oculus
586 763 640 831 vol
663 783 699 830 oa
723 763 768 828 ita
792 785 946 849 percussa
969 762 1108 840 fuerint,
1139 769 1177 824 ut
1200 768 1434 844 torqueantur,

325 882 375 936 ter
399 869 451 936 IV
476 868 583 938 solidis
607 877 819 956 componatur
838 873 882 934 ⁶¹.

802 995 868 1042 x1x
886 988 929 1042 6³.

370 1076 405 1144 Si
429 1077 583 1165 palpebra
604 1078 750 1163 praecisa
766 1076 873 1158 fuerit,
891 1089 940 1144 ter
957 1077 1009 1142 IV
1027 1077 1119 1143 solidi
1137 1085 1375 1160 componantur
1394 1078 1434 1137 64.

811 1205 862 1250 XX
881 1196 923 1250 65.

371 1287 531 1373 Rugae⁶⁶
561 1285 675 1351 frontis
700 1298 782 1366 tres,
814 1289 839 1352 si
867 1290 900 1353 in
926 1299 1144 1352 transversum
1169 1285 1286 1349 incisae
1300 1287 1330 1331 ⁶⁷
1364 1282 1435 1346 fue-

327 1393 408 1471 rint,
435 1403 483 1456 ter
524 1386 599 1451 XII
639 1391 731 1457 solidi
765 1403 1013 1479 componentem
1062 1391 1167 1479 (xxl.)
1216 1390 1242 1454 si
1275 1411 1360 1465 una,
1388 1398 1435 1451 ter

325 1495 377 1562 IV
402 1497 495 1563 solidi
514 1502 555 1562 ⁶⁸.

803 1624 880 1671 xxn
899 1615 942 1669 6⁹.

373 1703 408 1770 Si
442 1706 535 1771 homo
569 1706 608 1772 ab
633 1708 696 1772 alio
720 1709 765 1773 ita
789 1710 822 1773 in
847 1718 945 1794 caput
968 1730 1139 1794 percussus
1163 1707 1279 1784 fuerit,
1313 1716 1352 1770 ut
1378 1728 1435 1770 nec

323 1813 426 1899 frigus
450 1834 509 1876 neo
533 1812 670 1878 calorem
695 1836 754 1899 pro
779 1813 922 1880 vulneris
946 1813 1143 1899 impatientia
1168 1812 1302 1878 sufferre
1324 1813 1435 1896 possit,

325 1930 375 1984 ter
399 1917 451 1984 IV
476 1918 569 1983 solidi
595 1930 837 2004 componantur.

792 2028 943 2092 xxn170.

371 2126 407 2194 Si
439 2127 511 2213 quis
535 2125 633 2191 alium
657 2128 690 2190 in
716 2138 813 2215 caput
837 2131 882 2194 ita
906 2129 1117 2216 percusserit,
1155 2137 1190 2192 ut
1214 2135 1296 2191 testa
1322 2125 1432 2212 perfo-

325 2243 431 2314 retur,
457 2241 507 2298 ter
530 2227 606 2292 XII
630 2231 739 2298 solidis
764 2247 944 2320 componat.

803 2363 893 2408 xxlv
914 2353 957 2408 71.

373 2439 409 2507 Si
441 2464 512 2506 ossa
543 2441 583 2506 de
608 2443 742 2508 vulnere
768 2445 903 2511 exierint
929 2453 1036 2510 tantae
1061 2440 1306 2530 magnitudinis,
1340 2451 1378 2504 ut
1405 2443 1434 2505 in

324 2555 452 2611 scutum
472 2548 603 2630 iactum,
618 2543 693 2608 XII
708 2548 829 2635 pedum
846 2551 948 2638 spatio
965 2550 1102 2615 distante
1117 2548 1246 2618 homine
1264 2547 1307 2625 ⁷2,
1333 2548 1434 2632 possit

325 2650 440 2732 audiri,
464 2675 565 2719 unum
589 2665 639 2720 ter
663 2653 716 2719 IV
741 2653 847 2720 solidis
872 2665 1091 2743 componatur,
1118 2654 1205 2720 aliud
1222 2665 1271 2718 ter
1293 2653 1434 2733 duobus,

324 2758 455 2827 tertium
480 2769 530 2826 ter
553 2783 617 2829 uno
642 2757 754 2828 solido.

493 2941 498 2949 .
811 2887 886 2934 xxv
906 2877 947 2933 ⁷³.

372 2964 409 3032 si
441 2967 513 3054 quis
545 2968 642 3031 alium
675 2971 886 3055 percusserit,
920 2980 956 3034 ut
988 2968 1110 3034 ferrum
1141 2969 1173 3032 in
1199 2989 1268 3032 osse
1293 2969 1431 3055 figatur,

325 3084 375 3140 ter
406 3071 509 3137 tribus
541 3072 650 3138 solidis
683 3087 869 3161 componat3
918 3073 1047 3160 (xxvl.)
1096 3075 1122 3138 si
1158 3096 1193 3138 os
1225 3076 1430 3160 apparuerit,

326 3199 390 3242 non
415 3189 522 3242 tamen
545 3178 681 3243 incisum
704 3178 813 3259 fuerit,
838 3190 888 3246 ter
912 3178 1013 3246 solido
1038 3190 1070 3244 et
1090 3180 1234 3245 tremisse
1251 3195 1431 3266 componat.

327 3280 472 3367 (XXVII.)
520 3278 567 3347 Os
599 3285 818 3373 quodeunque
842 3285 928 3352 ferro
952 3286 1131 3376 praecisum
1156 3283 1272 3364 fuerit,
1304 3295 1356 3352 ter
1379 3284 1430 3350 IV

324 3388 435 3458 solidis
459 3402 676 3477 componatur.

787 3517 903 3565 xxmn
923 3507 964 3564 74.

375 3595 473 3663 Costa
497 3598 523 3662 si
547 3601 691 3685 praecisa
715 3599 831 3680 fuerit,
868 3611 918 3666 ter
940 3602 1043 3667 tribus
1067 3601 1176 3666 solidis
1200 3615 1412 3687 componatur
1419 3627 1427 3677 ;

325 3699 458 3786 (xxm.)
506 3705 533 3768 si
557 3727 621 3770 non
645 3707 805 3792 praecisa,
831 3704 887 3771 sed
911 3707 1010 3773 incisa
1034 3707 1086 3772 vel
1110 3707 1235 3774 confixa
1249 3707 1279 3755 ⁷⁵
1314 3705 1427 3784 fuerit,

326 3819 376 3874 ter
400 3807 501 3874 solido
526 3819 558 3872 et
582 3812 710 3878 semisse
734 3822 953 3898 componatur.

831 3937 916 3986 XXX·

373 4012 410 4080 Si
443 4017 513 4101 quis
546 4019 644 4084 alium
678 4030 764 4086 traua
790 4033 909 4089 costam
933 4024 978 4089 ita
1002 4023 1213 4110 percusserit,
1246 4033 1284 4087 ut
1310 4022 1427 4088 vulnus

326 4119 368 4191 ad
392 4121 544 4192 interiora
569 4127 708 4206 venerit,
733 4139 783 4193 ter
806 4123 880 4192 XII
905 4129 1021 4196 solidos
1046 4139 1224 4215 componat.
