3098 5176
499 433 570 486 LRX
590 437 794 486 salmonum.
1106 444 1198 491 XXlX

104 637 257 725 quissima
282 635 464 706 Frisionum
488 638 665 727 posteriore
689 655 831 728 ternpore
856 655 950 709 ancta
974 655 1006 710 et
1034 647 1201 712 emendata
1235 703 1238 710 .

104 755 172 824 est,
197 768 303 830 neque
338 757 444 810 tamen
470 746 526 831 qui
559 745 622 832 legi
647 748 788 834 capitula
812 749 969 834 quaedam
993 749 1202 833 adiecerunt,

104 852 210 937 iisque
240 851 291 915 ius
323 874 442 916 novum
473 852 506 915 in
531 849 636 916 Frisia
659 851 890 935 condiderunt,
914 857 1061 941 antiquas
1085 857 1203 922 cousti-

105 957 245 1021 tutiones
276 979 295 1020 a
331 966 423 1021 textu
459 955 538 1042 legis
573 969 798 1044 removerunt;
834 983 898 1044 quo
930 959 1051 1034 factum
1075 972 1141 1042 est,
1163 973 1202 1028 ut

104 1061 284 1147 permultae
316 1061 558 1127 constitutiones
588 1060 804 1152 discrepantes
835 1066 869 1131 in
901 1066 972 1154 lege
995 1077 1104 1132 nostra
1128 1066 1201 1133 Fri-

105 1168 231 1234 sionum
263 1167 369 1232 locum
399 1165 555 1246 habeant,
587 1191 671 1253 quae
699 1192 764 1235 non
788 1170 852 1235 sint
874 1169 1116 1258 intelligendae,
1141 1173 1202 1238 nisi

104 1273 210 1361 legem
240 1274 342 1359 ipsam
372 1273 406 1338 in
437 1283 561 1358 partes,
594 1297 635 1339 ex
668 1274 785 1361 quibus
809 1276 849 1340 sit
873 1276 1064 1362 composita,
1090 1273 1203 1343 dissol-

106 1379 256 1444 verimus.
302 1378 342 1444 In
375 1379 635 1444 adnotationibus
659 1380 700 1445 ad
724 1380 850 1469 singula
874 1381 954 1470 legis
979 1382 1120 1470 capitula
1144 1404 1202 1471 ap-

105 1481 217 1566 positis
254 1481 496 1547 constitutiones
534 1481 744 1548 animadverti
784 1481 943 1562 dissonas,
986 1507 1070 1570 quae
1107 1487 1200 1553 nobis

105 1587 177 1652 aliis
201 1589 234 1652 in
258 1587 406 1672 capitulis
429 1586 510 1672 legis
533 1597 719 1666 occurrunt,
742 1587 804 1652 hoc
826 1611 906 1654 vero
929 1588 999 1654 loco
1023 1613 1129 1657 meum
1153 1601 1201 1658 est
1251 1631 1254 1636 -

23 1703 30 1714 ”
105 1713 261 1756 summam
292 1691 399 1756 facere
430 1690 628 1755 additionum
662 1692 694 1756 in
727 1702 852 1760 textum
876 1692 957 1780 legis
980 1706 1200 1781 receptarum,

105 1821 147 1862 ex
179 1797 296 1882 quibus
326 1806 435 1884 partes
457 1795 556 1884 legia,
579 1795 714 1862 diversis
738 1798 935 1885 temporibus
959 1800 1111 1886 scriptae,
1138 1803 1202 1868 sint

105 1901 360 1990 distinguendae.
414 1953 416 1960 .

152 2007 249 2073 Duae
270 2007 352 2096 legis
375 2016 481 2092 partes
506 2004 650 2072 diversae
674 2006 812 2092 primurn
838 2008 1176 2096 suntlobservandae:

152 2217 196 2282 A.
243 2217 360 2282 Pars
395 2216 523 2304 legis
558 2239 677 2302 quae
712 2217 932 2302 pertinet
968 2217 1021 2282 ad
1056 2219 1212 2286 solam·

106 2324 315 2389 Frisiam
350 2322 562 2401 mediam,
603 2322 687 2386 inter
726 2320 779 2386 Fli
819 2333 851 2386 et
889 2322 1058 2388 Laubachi
1099 2326 1201 2392 sitam.

106 2427 330 2495 Dubitandum
352 2451 417 2494 non
441 2437 506 2506 est,
530 2427 609 2513 quin
631 2426 712 2492 haec
735 2427 776 2492 sit
800 2428 941 2508 omnium
965 2429 1203 2515 antiquissima,

107 2536 203 2621 eique
225 2557 339 2599 nomen
362 2532 440 2620 legis
464 2531 701 2616 antiquissimae
723 2531 852 2617 impono
877 2533 935 2620 (=
957 2531 1001 2618 Ι).

154 2640 192 2705 Β.
240 2639 357 2704 Pars
392 2638 550 2703 altera
586 2636 729 2723 legis,
768 2659 885 2723 quae
917 2640 1202 2724 partinota·

106 2757 182 2811 tae
222 2756 293 2809 est
331 2744 575 2830 opposita,
615 2751 760 2826 atque
799 2741 852 2806 ad
887 2764 1064 2810 omnem
1104 2743 1201 2811 Fri-

106 2853 220 2917 siam
256 2850 476 2937 pertinet
514 2848 599 2913 inter
638 2847 774 2912 fluvium
809 2844 932 2912 Sinkfal
969 2858 1002 2913 et
1038 2847 1200 2914 Wisaram

105 2959 207 3022 sitam.
256 2956 352 3021 Hanc
383 2964 525 3042 partem,
558 2951 598 3018 ad
629 2951 767 3017 Frisiam
797 2952 983 3019 orientalem
1007 2953 1103 3020 etiam
1126 2978 1202 3042 per-

105 3064 277 3141 tinentem,
302 3072 376 3127 ante
399 3083 520 3126 annum
544 3059 610 3125 785
637 3059 788 3145 scriptam
811 3081 875 3123 non
900 3080 985 3140 esse,
1007 3059 1072 3126 iam
1103 3084 1201 3150 supra

105 3167 281 3256 explicavi,
317 3167 394 3253 quia
429 3164 535 3230 Frisia
570 3163 733 3230 orientalis
768 3174 863 3230 antea
898 3187 963 3229 non
998 3175 1066 3232 erat
1100 3191 1202 3258 regno
1273 3200 1278 3220 ι

104 3273 305 3339 Francorum
329 3271 481 3337 subiecta

151 3378 297 3444 Dicta
338 3388 493 3442 autem
532 3375 660 3463 legis
699 3397 809 3462 pars
849 3375 1023 3454 altera,
1065 3400 1200 3462 quam
1271 3392 1278 3441 ¹.

103 3485 297 3570 aprima
321 3481 513 3548 secrevi
537 3485 596 3573 (=
620 3479 685 3568 Β),
717 3491 755 3545 ut
786 3481 887 3568 ipsam
919 3483 1100 3548 accuratius
1125 3507 1200 3549 exa·
1268 3492 1274 3568 ζ

102 3587 277 3654 minantem
316 3611 379 3652 non
418 3596 622 3674 praetereat,
661 3607 833 3650 rursus
873 3582 1059 3648 duabus
1099 3608 1199 3671 par·

102 3693 238 3762 tibus
272 3688 767 3780 constat(=IIetIII).
1252 3771 1255 3776 Δ

150 3799 324 3867 Harum
360 3797 570 3885 partium
605 3792 862 3872 secundae,
894 3815 1026 3879 quam
1061 3797 1200 3862 terti·

102 3930 167 3973 am
203 3905 350 3971 omnis
386 3904 513 3994 legis
548 3902 732 3970 nomino
768 3905 827 3992 (·,-·-·
850 3899 941 3987 ΙΙΙ),
977 3901 1022 3965 in
1058 3912 1200 3970 textu
1260 3944 1265 3959 ι

103 4012 232 4101 legis
270 4010 372 4076 fere
410 4009 590 4095 ubique
630 4030 717 4074 vox
763 4003 899 4075 additio
944 4006 1200 4099 adscripta

102 4127 193 4196 est;
226 4117 270 4181 in
301 4114 459 4182 eadem
491 4109 775 4182 numerandi
807 4119 918 4178 sunt
954 4111 1201 4202 locilegis
1258 4138 1265 4161 ι

102 4231 386 4308 sequentem
