3028 5184
451 429 544 494 Ano.
564 427 645 495 Sor.
688 428 717 492 T
739 447 752 490 1
774 445 803 492 r.
825 429 890 493 XI.
1161 436 1221 498 117

111 625 197 680 rerba
226 625 261 678 iu
290 622 403 686 sabulo.
430 622 511 696 quat
531 642 664 681 accessus
691 626 790 681 maris
809 627 924 698 operire
943 628 1024 683 solet.
1063 627 1097 684 ln
1118 595 1214 692 unire

110 720 235 770 versatus
254 718 297 767 est
317 711 361 767 vir
380 710 479 766 doetus
498 710 606 770 Stobbe
626 714 657 777 in
684 715 784 771 Gesoh.
815 712 867 769 der
888 713 922 770 lt.
943 714 1075 789 Rechtsq.
1098 716 1211 774 Breun-

107 802 228 878 sohwsig
250 799 336 858 1860.
356 799 380 856 Ι.
399 820 429 876 p.
454 797 517 865 185,
536 802 588 876 qui
607 811 723 866 narrat.
742 801 943 859 Wulemarum
971 803 1027 880 legi
1049 802 1210 862 Frisiorum

108 892 224 949 titulum
245 889 289 947 XI
309 889 453 946 adiecisse.

146 981 176 1017 ⁶⁹
219 973 311 1040 Vooes
340 979 482 1052 templum
510 987 538 1034 et
559 983 687 1053 fanum,
717 998 896 1057 paganorum
916 981 1022 1060 temple
1042 991 1069 1038 et
1089 1002 1147 1039 oon
1166 1003 1214 1041 eo-

106 1070 202 1126 olesias
233 1067 405 1125 christianas
436 1067 490 1122 hoo
518 1068 551 1124 in
587 1069 671 1127 titulo
691 1069 869 1145 significare,
888 1069 949 1144 ipso
970 1070 1053 1127 titulo
1072 1073 1214 1146 probetur

105 1159 177 1216 oonf.
206 1165 269 1214 not.
302 1155 339 1213 67
370 1175 400 1232 p.
432 1154 479 1214 51.
520 1156 688 1234 Complures
709 1158 859 1234 scriptores
879 1160 1012 1232 aequales
1032 1161 1138 1236 temple
1158 1181 1210 1237 pa·

105 1265 177 1322 gene
209 1247 243 1302 iu
275 1245 368 1302 Frisio
388 1257 623 1312 commemorant.
645 1248 719 1304 iooos
739 1267 839 1304 eorum
861 1247 962 1313 affero,
982 1250 1088 1324 quibus
1108 1251 1210 1308 titulus

104 1334 144 1391 XI
171 1335 324 1410 praeclare
352 1333 538 1392 enucleatur:
568 1336 705 1392 Alouinus
737 1336 770 1410 (†
798 1335 867 1407 804)
898 1347 998 1393 narret
1027 1338 1058 1394 io
1091 1337 1157 1397 viu
1177 1339 1208 1397 S.

104 1423 286 1482 Willibrordi
306 1426 339 1496 (†
359 1422 428 1497 739)
448 1441 510 1498 oep.
533 1424 583 1482 102
597 1429 738 1499 peruenit
760 1425 790 1483 S.
813 1424 1036 1484 Willibrordus
1056 1428 1134 1502 (ente
1155 1448 1209 1485 an·

103 1531 170 1570 oum
198 1511 271 1577 714,
301 1511 365 1568 vide
395 1510 530 1588 Retlberg
550 1513 708 1590 Kireheng.
729 1513 768 1572 ΙΙ.
792 1533 822 1589 p.
842 1512 911 1586 520)
933 1518 966 1572 iu
987 1517 1114 1590 eoufiuio
1134 1516 1208 1573 Fre-

102 1621 202 1660 souum
233 1610 262 1658 et
291 1600 450 1657 Bassorum
463 1603 514 1680 ‘ael
532 1605 687 1676 qeeauelam
707 1605 851 1666 insulam,
871 1623 946 1678 qum
965 1625 985 1661 a
1004 1607 1133 1681 quodam
1154 1607 1208 1664 eleo

99 1710 149 1747 suo
167 1691 269 1748 I'osits
289 1693 327 1748 ab
347 1689 455 1746 aeeolis
474 1697 576 1748 terrae
597 1691 789 1748 Fositesland
806 1695 984 1765 appellatur
1003 1696 1035 1770 (i.
1057 1714 1083 1753 e.
1104 1695 1205 1771 Helge·

100 1780 191 1851 lond),
211 1784 286 1854 quia
307 1783 341 1836 iu
361 1799 395 1835 ea
415 1780 596 1838 eiusdem
624 1781 822 1854 deisona
844 1787 970 1853 Juere
998 1793 1206 1843 construc-

100 1878 164 1936 ta,·
193 1873 247 1944 qui
278 1872 360 1926 loeus
389 1865 408 1926 a
447 1872 579 1945 perquiris
608 1873 641 1926 iu
662 1878 749 1926 tauta
770 1874 957 1928 ueneratione
975 1874 1151 1940 habebatur,
1170 1885 1205 1931 ut

102 1959 146 2014 uil
171 1962 205 2015 iu
229 1979 265 2014 ea
289 1960 336 2014 vel
353 1962 537 2018 animalium
556 1960 601 2015 ili
613 1962 818 2033 pascentium,
838 1962 885 2016 ael
901 1962 1038 2018 aliarum
1058 1982 1204 2036 quarum·

102 2047 167 2103 libet
195 2067 302 2104 rerum
333 2050 492 2122 qentilium
512 2051 673 2121 queisquam
695 2056 818 2123 tauqere
839 2048 980 2114 eradebat,
1000 2069 1051 2106 uee
1071 2055 1162 2109 eliam
1182 2071 1203 2109 α

91 2137 174 2207 sonte
194 2139 248 2210 qui
267 2137 314 2191 ibi
333 2137 490 2193 ebulliebat
509 2155 621 2210 aquam
641 2138 770 2193 haurrire
790 2139 852 2193 uisi
873 2145 972 2194 taceas
978 2143 1202 2212 praesumebat.

103 2222 161 2279 Vir
179 2222 240 2280 Bei
253 2226 354 2299 parui
367 2227 501 2298 pendeus
521 2228 648 2282 stultam
668 2227 727 2283 leel
746 2228 832 2282 illius
851 2229 1038 2302 religiosum,
1060 2232 1104 2287 vel
1114 2235 1202 2304 sero-

99 2314 249 2370 eissimum
269 2317 353 2388 reqis
372 2313 514 2370 Radbodi
532 2317 679 2378 animum,
709 2317 778 2388 qui
807 2317 1042 2374 violatores
1068 2339 1201 2376 saero-

102 2419 183 2456 rum
211 2405 342 2458 illius
368 2405 639 2458 atrocissima
667 2403 1010 2461 mortedamuare
1030 2410 1202 2472 solebat,

98 2497 158 2546 tres
177 2493 310 2547 haraiues
329 2493 363 2547 iu
383 2495 512 2565 eosoule
532 2493 708 2562 baptizavit,
727 2499 779 2547 eto.
819 2492 879 2548 Aa.
908 2491 937 2549 S.
960 2492 1065 2551 Bened.
1094 2516 1116 2553 s.
1145 2498 1199 2557 ΙΙΙ.

101 2576 128 2634 P.
150 2577 173 2635 1.
199 2600 228 2656 p.
251 2579 319 2636 609.
359 2580 547 2636 Continuator
567 2579 730 2656 Fredegarii
750 2581 885 2637 refertis
905 2600 967 2658 oap.
992 2582 1061 2640 1092
1081 2586 1120 2660 (a.
1140 2587 1198 2645 ⁷34

100 2664 217 2725 Kerolus
236 2669 399 2743 Martellus)
420 2673 452 2726 iu
474 2669 702 2726 Wistraeleiam
723 2679 750 2725 et
770 2670 997 2729 Austraelriam
1016 2673 1048 2747 (i.
1069 2693 1093 2732 e.
1119 2676 1198 2734 Wes-

100 2763 172 2832 terga
202 2767 229 2814 et
261 2763 377 2834 Asterga
413 2759 488 2814 inter
509 2758 628 2814 Florum
648 2767 676 2814 et
696 2759 844 2815 Loubeohi
863 2760 940 2836 sits),
959 2763 1076 2818 insulas
1096 2764 1197 2824 rust-

101 2862 192 2910 ouum,
214 2851 403 2921 penetrauit,
430 2867 522 2921 super
541 2845 684 2903 Burdiue
703 2851 842 2924 flumum
862 2849 895 2923 (i.
914 2867 940 2905 e.
961 2849 1053 2906 Borde
1072 2853 1198 2921 flumen,

99 2934 171 3008 quod
200 2936 350 3011 Westerga
380 2939 418 2994 ab
445 2940 565 3012 uisterga
594 2936 717 3011 dirimit)
756 2944 859 2994 eastra
884 2957 1018 3012 poneres,
1045 2941 1197 3016 Paeanem

99 3027 232 3096 qeutilem
263 3027 369 3082 diesem
399 3027 525 3082 illorum
546 3026 711 3097 interjecit.
728 3029 896 3082 exereitum
915 3026 1092 3087 Frisiorum
1105 3051 1196 3105 pros·

99 3116 201 3177 travit.
213 3118 322 3188 sana
352 3133 483 3170 eorum
510 3114 746 3171 idolatriae
766 3118 909 3172 contrivit
929 3125 1018 3191 alque
1038 3124 1197 3178 corabussit

100 3201 173 3274 igni,
192 3203 339 3278 Bouequet
360 3202 399 3260 ΙΙ.
421 3223 448 3278 p.
470 3202 543 3266 4553
564 3201 751 3260 Willibaldus
770 3205 803 3260 in
822 3203 890 3261 Vita
902 3205 931 3263 S.
945 3205 1195 3285 Bonifaeii‚quam

98 3291 204 3348 saeculo
224 3292 306 3351 Vlll.
327 3293 449 3366 scripsit,
477 3293 582 3349 refert:
603 3293 669 3367 (Vir
688 3303 803 3350 sanetus
823 3313 900 3350 anno
919 3294 988 3369 755)
1001 3317 1063 3370 per
1083 3318 1194 3358 manem

100 3376 230 3438 Fresiam
250 3383 283 3456 (i.
304 3400 330 3437 e.
349 3381 469 3438 Frisium
490 3382 565 3438 iuter
584 3382 703 3438 Flevum
723 3390 751 3438 et
770 3381 916 3439 Laebaohi
937 3385 1035 3460 sitam)
1051 3406 1192 3462 pergens,

100 3470 211 3526 vertum
242 3470 379 3533 Boraiui,
401 3473 556 3545 paganico
587 3473 705 3544 repulso
734 3473 801 3526 ritu
822 3479 850 3526 el
869 3490 989 3528 erroneo
1007 3479 1193 3547 qeutilitatis

98 3571 172 3612 utor-e
197 3560 359 3622 destructo,
379 3561 531 3615 instanter
542 3559 755 3633 praedicabat,
775 3562 965 3634 ecclesiasque
983 3567 1106 3619 uermiue
1124 3585 1190 3622 eon·

90 3643 191 3712 sraela
220 3648 489 3706 delubrorum
519 3650 635 3723 iuqsuli
665 3649 963 3722 studiosabrieavil‚
982 3648 1059 3706 Mon.
1080 3652 1112 3708 G.
1134 3653 1188 3712 SS.

97 3727 132 3788 11.
151 3752 179 3809 p.
200 3735 273 3800 3493
296 3736 432 3793 Altiridus
451 3737 485 3812 (†
505 3736 575 3811 849)
595 3737 626 3791 in
648 3736 713 3794 vira
734 3735 764 3794 S.
784 3736 919 3812 Liudgeri
940 3737 965 3795 I.
986 3757 1010 3795 o.
1035 3740 1083 3798 142
1101 3749 1187 3802 misit

99 3820 240 3881 Alluieees
260 3825 293 3899 (†
312 3823 382 3900 782)
401 3825 585 3901 Liutqsrum
606 3833 634 3882 et
652 3827 729 3882 alios
748 3845 846 3882 seruos
865 3826 924 3883 Bei
943 3827 990 3902 (ex
1013 3828 1189 3911 Detentus),

98 3916 130 3963 ul
157 3912 344 3971 destreeerent
365 3917 474 3988 saria
500 3916 666 3972 deorum
695 3924 723 3972 et
750 3919 858 3972 varias
879 3917 1017 3974 culturas
1038 3921 1188 3980 idolorum

98 3997 129 4054 iu
156 4011 237 4075 yeule
256 4003 429 4060 mesenum.
469 4004 519 4060 At
538 4005 590 4060 illi
608 4007 691 4063 iussu
711 4009 885 4080 conplentes,
902 4009 1073 4064 attuleruut
1102 4032 1188 4090 maq-

99 4104 165 4144 mem
191 4094 367 4150 thesaurum
398 4096 436 4157 ei,
464 4091 550 4168 quem
580 4096 613 4150 ia
643 4095 837 4151 delubris
868 4099 1053 4161 invenerant,
1074 4119 1111 4156 ea
1132 4123 1188 4176 quo

100 4171 225 4238 Karalus
254 4185 421 4257 imperator
455 4184 534 4239 clerus
557 4191 664 4257 partes
692 4186 817 4256 accepit,
838 4188 960 4242 tertiam
982 4207 1050 4244 uero
1068 4201 1188 4262 partem

18 4333 19 4340 ἵ
97 4263 139 4319 ml
164 4287 236 4326 usus
264 4290 332 4329 susos
362 4273 528 4330 Albrieum
558 4275 689 4346 resipere
712 4276 881 4347 praecepit,
909 4274 986 4332 Mon.
1018 4277 1050 4334 G.
1073 4279 1186 4344 ss.11.
