3020 5174
332 383 375 449 la
627 383 691 446 Τί
712 400 744 446 r.
764 379 794 452 Ι.
834 385 848 466 §
873 380 984 450 13-T
1007 386 1023 450 1
1045 383 1085 452 Τ.
1107 380 1152 452 ΙΙ.

333 573 425 639 Frisia
445 579 540 638 media
570 577 720 638 domiuum
741 578 849 655 duplex
869 579 1059 658 weregeldum
1078 581 1204 649 solvisse,
1224 585 1274 661 qui
1298 605 1355 644 nou
1375 590 1427 646 ius·

331 673 411 729 sisset
440 689 555 728 serrum
584 688 669 726 suum
700 669 846 726 homiuem
878 669 1024 744 quendam
1054 671 1193 738 oeoidere,
1211 675 1293 733 nullo
1313 677 1427 736 modoa

331 751 449 818 domino
478 759 647 817 oooieionom
680 758 831 816 cuiusdam
862 759 988 820 hominis
1018 762 1137 820 iubeule
1166 765 1289 842 simplex
1321 775 1426 826 lantum

330 849 522 926 weregeldum
552 848 623 906 solri
653 848 800 924 poluissel.
837 849 986 926 Gauppius
1005 851 1083 910 hane
1103 853 1202 914 ridens
1221 854 1427 932 interprelalio·

334 943 380 998 uie
397 941 561 1017 proposilue
581 933 791 1004 difficullalem
811 939 897 996 verba
916 941 950 998 til
981 941 1006 1004 1.
1029 941 1063 998 ll
1084 943 1201 1002 laudula
1219 945 1259 1002 ila
1271 946 1427 1022 explicavi!¹

330 1039 362 1088 ul
381 1051 399 1089 a
418 1031 537 1088 domiuo
566 1028 735 1087 oeoieionem
756 1028 884 1086 hominis
903 1029 1021 1088 iubente
1041 1032 1144 1110 lriplex
1166 1035 1359 1111 weregeldum
1378 1038 1427 1093 sol·

330 1120 576 1178 vendumluissel.
606 1118 736 1176 ludioare
758 1119 1216 1197 velim,hancinlerprelaliouem
1234 1143 1355 1200 prorsus
1374 1145 1426 1183 esse

329 1209 471 1268 illici-lam.
512 1207 623 1266 Titulus
650 1208 763 1284 primus
782 1207 852 1284 legis
881 1207 1045 1267 Frisiorum
1076 1211 1230 1288 insoriplus
1258 1222 1321 1272 este
1352 1213 1427 1272 Haeo

328 1307 371 1355 eet
399 1300 511 1372 simplo
540 1299 710 1371 compositio
740 1297 777 1353 de
803 1298 990 1363 homicidiis,
1008 1307 1036 1356 et
1055 1299 1086 1356 in
1105 1301 1240 1358 omnibus
1259 1301 1339 1360 tituli
1359 1305 1425 1362 eius·

328 1387 394 1446 dem
422 1386 555 1463 eapilulis
585 1385 829 1462 »uomposiliones
856 1387 996 1462 simplae”
1023 1397 1090 1446 sum
1109 1391 1284 1466 propositae,
1304 1411 1379 1468 quae
1397 1413 1426 1451 ex

325 1486 423 1536 lenore
442 1476 512 1553 legis
533 1483 644 1532 nostrae
663 1471 787 1532 Frisioae
806 1495 822 1530 a
843 1475 938 1533 iudioe
958 1475 990 1534 in
1009 1477 1094 1553 praxi
1110 1479 1425 1556 fuerinllriplioandae.

327 1567 405 1644 Quae
425 1586 517 1642 quum
535 1566 577 1622 ila
596 1565 664 1629 sini,
685 1564 730 1622 rix
749 1564 886 1621 credibile
905 1574 957 1631 esl,
976 1566 1007 1622 in
1028 1568 1153 1644 oapilulo
1177 1567 1211 1626 13
1240 1570 1324 1628 tituli
1345 1592 1425 1628 uuam

226 1728 228 1733 Ι
327 1665 441 1714 lanium
470 1655 703 1732 oomposilionem
731 1673 790 1712 esse
818 1654 1005 1730 duplicatam,
1024 1656 1137 1716 ratione
1156 1659 1238 1716 nulla
1259 1661 1363 1720 habile
1381 1682 1424 1720 no

325 1765 382 1822 que
409 1746 604 1824 inseriplionis
631 1745 720 1809 rituli,
737 1763 831 1820 neque
850 1745 980 1802 omnium
1000 1746 1126 1805 aliarum
1146 1749 1325 1824 positionum
1346 1751 1426 1817 tilull,

325 1855 400 1912 quae
418 1836 453 1892 in
471 1835 577 1911 simplo
596 1842 767 1898 reservatae,
787 1835 825 1890 ab
844 1833 939 1890 iudioe
960 1834 990 1892 in
1010 1835 1095 1913 praxi
1114 1847 1208 1894 esseni
1226 1838 1424 1914 triplicandae.
1485 1841 1486 1844 ’

326 1925 401 1983 Vooe
431 1928 547 1982 moleto
576 1925 623 1981 lex
653 1923 724 1982 Fris.
757 1923 783 1984 1,
815 1923 826 1980 1
859 1924 1048 2001 weregeldum
1074 1927 1222 2004 exprimit.
1249 1927 1280 1984 iu
1304 1929 1423 2007 capitulo

321 2025 421 2072 aulem
455 2015 490 2072 13
517 2033 643 2092 poenum
673 2011 818 2089 quandam
850 2023 901 2072 aul
930 2014 1038 2091 lynea,
1068 2016 1146 2090 quod
1166 2017 1283 2075 domino
1306 2021 1423 2077 ancillae

324 2104 446 2161 molatae
465 2103 630 2161 solveretur.

369 2192 398 2226 ¹⁸
442 2193 556 2251 llerold.
581 2194 699 2250 ‹decoocs
718 2193 865 2249 nobilibus
884 2203 913 2250 ei
922 2212 935 2261 ;
955 2191 1056 2270 Gaupp
1075 2193 1219 2253 Miscellen
1239 2217 1260 2272 p
1291 2197 1313 2255 4
1333 2219 1422 2257 emou-

324 2281 372 2338 dal
404 2283 527 2347 dicolos,
557 2284 650 2338 nobili
670 2301 730 2338 orno
749 2291 777 2338 et
795 2290 860 2345 ele,
878 2283 961 2359 lego:
982 2282 1106 2349 derodere,
1127 2287 1220 2342 nobili
1239 2295 1276 2343 et.
1321 2289 1423 2347 Seeuu·

322 2372 392 2429 dum
414 2371 428 2428 I
448 2372 518 2449 legis
547 2371 616 2430 Fris.
645 2371 841 2429 iuramentum
872 2372 1179 2431 consacramenlalium
1200 2375 1240 2432 ila
1260 2385 1304 2434 esi
1324 2380 1420 2436 oousli·

323 2469 429 2526 lulum,
458 2470 489 2519 ιιι
508 2463 582 2519 liber
601 2463 677 2519 iuret
697 2470 797 2518 eontra
815 2461 941 2519 liberum
960 2480 1026 2520 oum
1048 2463 1181 2520 undeoim
1202 2465 1317 2532 liberis,
1335 2469 1365 2526 id
1385 2477 1421 2525 est

321 2552 378 2608 ribi
408 2551 605 2615 duodecimus.
632 2559 661 2608 el
690 2551 788 2606 omnia
818 2551 980 2608 iuramenla
1011 2553 1165 2618 nobilium.
1206 2555 1369 2615 liberorum
1397 2567 1420 2614 el

321 2641 439 2697 litorum
466 2641 653 2698 aestimentur
682 2640 781 2717 preliis
812 2639 855 2697 rel
886 2641 1052 2718 weregeldis
1081 2662 1191 2702 eorum.
1232 2643 1267 2701 ln
1295 2648 1419 2725 capitulo

326 2733 360 2791 16
388 2733 419 2789 iu
450 2731 542 2789 Frisis
572 2731 667 2788 media
698 2731 775 2788 iurat
796 2730 902 2788 nobilis
920 2741 1017 2788 ooulra
1040 2731 1163 2789 nobilem
1185 2753 1251 2791 oum
1273 2735 1419 2794 nobilibus
1484 2764 1485 2816 ἦ

322 2823 423 2888 uibus,
439 2822 463 2884 1.
484 2839 509 2879 e.
530 2820 586 2879 sibi
605 2829 743 2895 quarlus3
773 2821 842 2878 inde
862 2818 996 2885 effioilur.
1015 2820 1046 2877 in
1067 2839 1128 2898 oap.
1152 2822 1186 2880 17
1206 2843 1223 2880 a
1243 2825 1338 2882 nobili
1358 2847 1418 2884 oon·

322 2925 365 2972 ira
393 2913 520 2969 liberum
541 2909 700 2966 iurandum
720 2929 779 2968 esse
799 2928 866 2966 oum
886 2930 945 2967 uuo
964 2909 1055 2967 nobili
1076 2919 1106 2968 el
1125 2931 1183 2969 uuo
1202 2912 1295 2970 libero
1318 2917 1349 2991 (l
1372 2937 1418 2974 uo·

321 3004 389 3061 bilis
408 3023 452 3058 =
475 3000 508 3078 l}
528 3000 631 3062 liberi;
652 3017 719 3075 ergo
739 2999 757 3055 2
777 2999 887 3056 nobiles
906 3007 947 3068 -Ι-
970 2997 979 3055 1
1005 3000 1141 3058 liber:
1161 3001 1179 3058 4
1198 3003 1307 3080 liberi).

363 3093 393 3128 ¹⁹
436 3091 533 3149 Verba
561 3087 680 3164 capiluli
700 3087 739 3144 22
757 3088 793 3144 de
812 3089 876 3146 iure
895 3088 1003 3146 Frisiae
1022 3091 1170 3148 orientalis
1190 3101 1217 3149 el
1236 3095 1417 3153 ooeidenlalis

318 3185 352 3241 in
381 3180 506 3238 editione
530 3178 708 3236 *lleroldiaua
738 3179 768 3235 in
799 3179 859 3236 line
878 3179 954 3235 liluli
974 3180 988 3237 1
1008 3181 1069 3238 siue
1090 3201 1210 3240 numero
1230 3186 1360 3258 quodam
1379 3186 1416 3242 le-

317 3281 446 3350 guntur3
473 3289 642 3347 persuasum
673 3268 744 3326 mihi
770 3278 823 3334 est,
843 3271 928 3326 rerba
950 3270 1026 3328 diola
1048 3272 1130 3329 lilulo
1147 3273 1245 3349 primo
1264 3294 1345 3332 anno
1364 3273 1416 3334 802

317 3361 417 3420 addita
443 3379 514 3426 esse,
542 3377 634 3435 aeque
661 3377 695 3416 ao
723 3357 809 3416 rerba
829 3359 912 3416 tilulo
932 3360 1071 3438 iuscripta
1090 3371 1117 3418 el
1138 3363 1269 3438 capitulis
1290 3363 1414 3421 eiusdem

317 3455 345 3511 3.
366 3450 395 3510 l.
414 3449 442 3509 5.
463 3449 492 3509 8.
511 3447 550 3508 'lo
569 3457 596 3506 el
619 3447 653 3506 12
679 3449 800 3507 adiecta.
840 3447 935 3525 Quum
966 3469 1030 3507 vero
1058 3451 1091 3506 in
1111 3450 1172 3528 lege
1193 3461 1291 3509 nostra
1311 3453 1415 3510 Frisio-

315 3561 387 3600 num
408 3549 502 3599 eerlus
521 3538 591 3596 ordo
611 3557 708 3596 rerum
728 3538 917 3604 desider-elur,
934 3558 967 3597 ae
986 3539 1130 3616 permulta
1151 3559 1210 3597 non
1230 3540 1338 3599 eisdem
1350 3541 1415 3619 legis

315 3631 449 3709 capitulis
476 3637 544 3688 sunl
564 3627 675 3693 addila,
693 3647 767 3703 quae
788 3627 932 3685 illustrent
953 3628 996 3685 rel
1016 3629 1181 3693 emendent.
1199 3649 1257 3687 non
1277 3640 1319 3688 esl
1340 3630 1413 3708 quod

308 3721 410 3780 'uerbis
438 3716 557 3793 capituli
582 3735 646 3774 oum
678 3717 810 3794 Gauppio
830 3716 890 3774 Lex
910 3717 982 3774 Fris.
1002 3739 1032 3795 p.
1053 3718 1071 3775 5
1092 3718 1188 3777 locum
1209 3719 1241 3777 in
1260 3721 1320 3778 fine
1341 3721 1414 3798 oapi·
1483 3738 1484 3806 ι

305 3811 370 3869 ‘iuli
392 3809 427 3866 13
446 3807 631 3882 assignemus.

357 3899 389 3936 ²⁰
432 3895 562 3953 Titulum
583 3893 747 3950 -seoundum
776 3893 807 3950 in
837 3912 920 3950 usum
939 3891 1048 3952 Frisiae
1069 3897 1180 3954 mediae
1198 3899 1335 3974 primitus
1356 3915 1412 3957 esse

313 3995 495 4064 comptum,
522 3991 693 4060 argumento
720 3992 762 4040 est
790 3983 981 4060 weregeldum
1008 3986 1112 4043 nobilis
1132 3995 1159 4043 el
1178 3987 1264 4044 liberi
1285 3988 1315 4044 in
1336 3987 1412 4066 oapi-

314 4077 382 4136 lulis
402 4075 468 4133 lot
497 4073 516 4132 6
546 4082 813 4138 oommemoralum‚
842 4074 1007 4152 weregeldis
1036 4071 1144 4134 Frisiae
1175 4076 1359 4135 ouoidenlalis
1387 4085 1412 4132 el

305 4165 460 4227 orientalis
491 4183 606 4241 prorsus
635 4163 781 4240 negleelis.
822 4162 902 4240 Quod
934 4164 1088 4241 respioiens
1117 4165 1264 4233 indidem,
1295 4166 1409 4225 tilulum

300 4255 469 4316 meandum
488 4261 600 4330 ,partem
613 4253 700 4310 luisse
713 4252 915 4312 reluslisoimae
933 4252 1002 4330 legis
1020 4253 1155 4321 Frisioae,
1172 4275 1265 4333 neque
1277 4256 1406 4316 acaedam
