3098 5176
358 461 406 518 rm
763 470 834 519 nex
851 448 1058 520 remonon.

357 673 481 742 denarii
511 661 653 765 Prisloi).
699 671 787 742 Vide
810 675 942 742 titulum
964 673 993 742 Ι.
1017 675 1097 766 legis
1121 675 1314 745 Frisionum.

403 780 445 849 In
476 782 571 847 titulo
606 780 678 850 XV
713 782 795 872 legis
827 780 1028 862 Frisionum,
1060 806 1157 871 quem
1188 783 1347 851 secundae
1371 782 1449 871 parti
1512 833 1513 870 ,

353 883 434 978 legis
445 882 588 953 Frisioae
600 889 663 972 (ςΔ
670 883 725 978 ΙΙ)
742 886 882 967 attribui,
899 888 1119 978 weregeldum
1135 889 1272 957 hominis
1289 889 1382 956 liberi
1397 911 1449 954 no·
1512 885 1513 916 ³

350 993 398 1061 bie
435 991 576 1060 oe'o'u'rrit
613 989 679 1059 110
715 991 890 1060 solidorum
925 1022 969 1059 =
1001 997 1021 1060 2
1053 1019 1080 1074 ><
1114 995 1189 1089 533·
1204 1006 1240 1064 ÷
1266 999 1307 1092 3}
1337 995 1448 1062 solido·

352 1115 429 1176 rum,
466 1102 525 1187 (22
549 1095 734 1178 320410
773 1097 978 1166 denariorum
1017 1100 1247 1191 Frisieorum),
1284 1099 1385 1188 quod,
1407 1111 1449 1167 est

354 1205 477 1292 duplex
518 1201 738 1292 weregeldum
781 1205 860 1293 legis
900 1207 1138 1293 antiquissimae
1169 1215 1301 1274 auctum
1333 1208 1374 1302 3}
1404 1229 1450 1272 so-

265 1301 269 1308 *
352 1309 446 1391 lidie,
468 1310 523 1376 vel
546 1309 657 1376 decem
682 1308 819 1376 denariis
842 1309 982 1377 Frisieie.
1030 1311 1084 1378 Ex
1107 1309 1289 1402 weregeldo
1321 1311 1449 1378 hominis

353 1412 447 1484 liberi
481 1417 514 1480 in
549 1413 645 1481 titulo
679 1413 754 1483 XV
788 1416 869 1505 legis
904 1415 1006 1497 Fris„
1038 1413 1079 1482 ad
1106 1413 1245 1484 Frisium
1269 1416 1450 1484 orientalem

353 1521 583 1611 pertinentem,
622 1504 803 1609 weregelda
841 1521 977 1588 hominis
1016 1519 1131 1589 nobilis
1171 1521 1384 1610 duplicando,
1421 1532 1450 1589 et

353 1619 490 1694 hominis
521 1622 571 1690 liti
604 1621 817 1708 dimidiando,
849 1637 924 1694 sunt
946 1623 1099 1708 formata,
1123 1628 1169 1693 ita
1193 1639 1230 1693 ut
1253 1627 1375 1695 homini
1398 1649 1449 1693 no·

353 1729 411 1812 bill
449 1726 652 1797 solverentur
689 1733 840 1810 2><110
875 1729 969 1798 solidi
1003 1756 1047 1800 ε
1083 1735 1152 1799 220
1187 1729 1279 1798 solidi
1303 1731 1364 1821 (τ.
1388 1733 1448 1799 660

353 1827 476 1904 denarii
509 1833 660 1925 Frisici),
696 1833 817 1902 homini
851 1835 909 1902 lito
934 1847 1041 1902 autem
1065 1851 1127 1933 {x
1146 1835 1214 1903 110
1239 1837 1332 1904 solidi
1351 1875 1394 1912 =
1410 1834 1447 1904 55

353 1933 448 2009 solidi
482 1941 541 2030 (ἕ
578 1935 644 2006 105
681 1936 805 2006 denarii
839 1936 980 2030 Frieiei).
1015 1937 1103 2007 Vide
1137 1941 1268 2009 titulum
1303 1941 1394 2024 XV,
1421 1951 1449 2009 et

353 2065 437 2134 quae
460 2045 579 2113 ibidem
602 2054 678 2110 sunt
700 2043 863 2110 adnotata.
1258 2043 1262 2056 ”

399 2151 441 2216 In
472 2143 651 2217 Additione
681 2149 762 2238 legis
785 2148 928 2215 Frisioae
953 2149 1107 2240 (2111)
1131 2151 1351 2240 weregeldum
1376 2151 1449 2240 legis

352 2254 592 2346 antiquissimae
623 2265 672 2321 est
703 2255 918 2343 triplicatum,
950 2257 995 2322 ita
1017 2268 1057 2323 ut
1079 2255 1200 2324 homini
1223 2259 1326 2325 libero
1352 2259 1448 2324 solve-

352 2371 443 2431 retur
474 2361 693 2451 weregeldum
726 2363 746 2427 3
770 2383 797 2438 ><
823 2359 888 2454 531
911 2361 1087 2428 solidorum
1110 2381 1154 2418 =
1181 2365 1248 2430 160
1272 2363 1447 2430 'solidorum

351 2470 411 2560 (2
442 2471 511 2536 480
544 2464 747 2532 denariorum
777 2463 1010 2557 Frisieorum);
1043 2490 1173 2554 exque
1198 2467 1329 2555 quidem
1354 2469 1448 2535 homi·

347 2591 431 2644 num
461 2571 617 2639 nobilium
633 2581 636 2588 '
652 2581 687 2636 et
719 2571 851 2636 litorum
886 2569 1065 2660 weregelda
1096 2569 1208 2639 eadem
1231 2575 1358 2640 ratione
1381 2584 1448 2638 eunt

350 2679 506 2758 formata,
530 2696 595 2764 qua
619 2676 652 2740 in
675 2686 767 2762 parte
790 2674 871 2764 legis
898 2677 1117 2763 antiquissima
1140 2689 1173 2744 et
1196 2675 1348 2744 secunda

399 2781 587 2871 Triplieatio
619 2779 706 2848 dieta
736 2779 909 2869 weregeldi
940 2781 973 2846 in
1005 2780 1184 2849 Additione
1207 2783 1288 2872 legis
1312 2781 1447 2849 Frieieae

348 2891 481 2960 directis
505 2886 612 2954 verbis
635 2908 700 2951 non
724 2896 773 2951 est
797 2887 980 2966 enuntiata,
1004 2909 1111 2974 neque
1134 2897 1241 2954 tamen
1265 2888 1333 2954 ullo
1361 2887 1447 2954 modo

350 2999 385 3063 in
410 2991 544 3059 dubium
566 2989 681 3058 referri
704 3000 823 3077 potest,
848 2990 981 3058 eandem
1005 3001 1085 3058 tuno
1107 2993 1186 3058 iuris
1210 2991 1326 3061 Frisiei
1343 2994 1444 3070 fuisse,

352 3096 441 3189 quod
480 3094 611 3183 quidem
650 3093 871 3160 demonstrant
909 3094 1048 3162 muletae
1083 3098 1241 3185 plurimae
1277 3099 1364 3165 tituli
1397 3097 1447 3163 111

351 3200 538 3271 Additionie
561 3199 729 3285 inscripti:
754 3201 825 3265 Hoo
849 3211 944 3266 totum
967 3203 1000 3266 in
1023 3203 1117 3290 nepio
1141 3205 1345 3290 componitur,
1364 3205 1447 3272 verbi

350 3309 473 3401 gratia:
509 3300 598 3370 Add.
633 3302 708 3386 111,
748 3303 776 3369 1.
807 3327 867 3392 pra
901 3329 938 3372 aa
973 3321 1034 3374 toto
1070 3309 1218 3375 abscisam
1253 3323 1447 3398 componatur

349 3428 384 3483 ut
405 3431 532 3492 neonae,
553 3409 589 3476 id
612 3423 654 3478 eet
676 3411 775 3476 tribue
798 3424 826 3478 et
850 3407 895 3478 50
918 3411 1027 3478 eolidii
1048 3425 1077 3480 et
1099 3417 1255 3496 tremiaee;
1277 3415 1367 3483 Add.
1387 3415 1446 3496 ΠΙ,

348 3519 389 3590 8:
424 3521 454 3584 ei
488 3518 556 3606 quie
592 3515 690 3580 alium
724 3509 771 3582 ita
805 3518 839 3582 in·
875 3529 968 3605 eaput
997 3523 1200 3606 percusserit,
1231 3533 1267 3588 ut
1287 3527 1402 3589 sardae
1424 3535 1447 3588 et

343 3638 448 3693 morra
479 3623 646 3712 effigiatum
669 3619 729 3689 ter'
745 3621 789 3688 50
812 3624 911 3689 tribue
932 3623 1040 3690 solidis
1064 3639 1093 3692 et
1115 3625 1250 3694 tremisse
1274 3641 1448 3716 componat·

345 3727 438 3799 Add.
473 3726 548 3808 ΠΙ,
584 3728 646 3792 602
682 3729 738 3812 qui
771 3727 920 3794 testiculos
948 3731 1007 3796 aiii
1028 3733 1205 3812 enneaerit,
1230 3746 1277 3800 ter
1300 3737 1446 3821 quinqua·

343 3838 437 3924 ginta
466 3844 527 3898 trea
557 3831 674 3896 aoiidoe
699 3844 727 3898 et
749 3834 922 3898 tremieaem.
947 3872 994 3884 -
1018 3833 1251 3926 Weregeldum
1275 3838 1357 3928 legis
1379 3835 1446 3905 Fri·

348 3939 477 4004 eionum
497 3932 753 4022 antiquissimum
768 3937 802 4002 in
826 3935 1002 4006 Additione
1025 3939 1105 4030 legis
1127 3939 1311 4010 Frisionum
1334 3941 1448 4011 dieitur

347 4039 502 4130 elmplex,
534 4038 609 4107 vide
642 4039 818 4129 capitulum
851 4041 894 4110 58
919 4045 1005 4112 tituli
1028 4042 1086 4112 111
1110 4043 1312 4115 Additionis:
1336 4051 1382 4116 ibi
1402 4047 1446 4136 (in

349 4145 456 4216 Frisia
490 4145 694 4238 occidentali)
729 4147 840 4215 nobili
874 4149 962 4216 homo
989 4148 1076 4234 106}
1103 4149 1209 4221 aelidis
1231 4153 1349 4242 simplo
1371 4175 1446 4220 eom·

341 4253 499 4346 positione
536 4251 683 4332 solvetur,
723 4262 757 4318 et
791 4248 1031 4343 inscriptionem
1066 4258 1153 4324 tituli
1198 4258 1217 4324 Ι
1251 4257 1333 4350 legis
1368 4257 1444 4324 Fris.
