3020 5174
518 461 585 511 LEX
606 459 811 508 Futslouun.

568 681 696 734 uxxvn
714 669 755 730 ⁴³.

155 769 193 837 Si
210 773 281 860 quia
297 771 424 837 illicitas
447 771 575 858 nuptias
591 771 794 852 contraxerit,
818 772 1018 859 separabitur
1041 774 1082 842 ab
1107 797 1209 850 uxore

104 901 185 956 aua,
222 891 254 942 et
290 878 393 943 liceat
415 888 481 944 tum
513 879 542 942 ei
575 899 672 963 quam
703 886 736 941 et
767 878 860 944 uxori
893 878 1034 967 legitime
1066 881 1208 962 nuberar

104 983 293 1072 (Lxxvm.)
342 985 369 1049 ei
387 1007 462 1050 vero
491 983 630 1070 separati
654 981 783 1060 fuerint,
808 985 981 1052 etiterum
1005 985 1046 1050 ad
1070 986 1207 1057 invicem

103 1089 230 1158 fuerint
252 1091 390 1166 reversi,
416 1089 626 1178 weregildum
650 1111 744 1154 auum
769 1099 908 1176 uterque
931 1101 1108 1179 componat.

158 1195 247 1260 Inter
265 1200 297 1242 44
322 1195 490 1261 Laubaehi
529 1207 561 1260 et
597 1197 679 1262 inter
715 1193 808 1264 Flehi
845 1209 909 1265 tres
946 1197 1069 1268 denarii
1105 1223 1208 1272 novae

104 1313 255 1369 monetae
279 1302 413 1372 solidum
438 1301 569 1372 faciunt,

505 1484 731 1494 -·-————---.-.
740 1490 778 1494 ,-

507 1605 536 1674 Τ
562 1605 579 1674 Ι
605 1604 641 1674 Τ.
668 1603 762 1675 111⁶·
781 1611 822 1676 ⁴⁵,

228 1832 275 1878 DE
293 1815 325 1859 4⁶
351 1830 397 1875 EO
422 1829 485 1883 QUI
518 1829 648 1880 Mum
674 1828 764 1879 vtaM
788 1827 1090 1884 couussuulxumu,

156 2018 194 2084 Si
219 2018 300 2083 liber
324 2017 423 2082 libero
448 2017 479 2079 in
507 2017 556 2079 via
582 2037 693 2078 manus
718 2015 877 2091 iniecerit,
911 2031 943 2079 et
967 2027 1078 2086 contra
1103 2017 1208 2106 legem

106 2127 194 2190 viarn
228 2123 472 2200 contradixerit,
506 2134 562 2186 aut
594 2120 716 2206 aliquid
748 2121 862 2188 tollere
894 2122 1051 2203 voluerit,
1083 2134 1133 2195 ter
1155 2124 1208 2196 IV

105 2231 228 2296 solidos
260 2240 446 2319 componat,
479 2240 535 2298 ant
568 2229 594 2300 si
619 2228 802 2319 negaverit,
835 2227 922 2300 solus
947 2229 1032 2301 iuret
1056 2229 1088 2300 in
1112 2252 1209 2302 manu

105 2360 255 2431 proxrmt

524 2635 553 2706 T
578 2633 595 2703 I
620 2634 658 2706 Τ.
683 2633 735 2704 IV
754 2637 795 2704 at,

157 2853 206 2903 nn
225 2838 256 2882 ⁴⁸
295 2848 341 2895 no
378 2849 441 2903 nur
470 2845 641 2894 nnrnaun
682 2843 730 2889 nn
775 2841 941 2896 cantune
981 2843 1207 2907 recurvatur,

159 2940 205 3004 sie
221 2939 250 3003 ei
266 2946 446 3024 componat,
472 2935 563 3020 quasi
588 2955 660 3004 eum
685 2931 770 3003 fuste
794 2933 1013 3024 percussisset
1037 2931 1203 3008 dimidium

105 3043 248 3118 solidum
272 3051 442 3137 componat
459 3045 501 3111 ⁴⁹,

533 3343 562 3416 T
587 3343 605 3406 Ι
629 3343 667 3414 Τ.
691 3341 725 3410 V
744 3347 784 3414 ⁵⁰,

439 3567 487 3622 nu
505 3553 535 3596 ⁵1
561 3565 723 3619 nnuman
746 3561 881 3618 occur.

157 3757 195 3827 si
227 3759 299 3850 quia
330 3756 496 3828 mulierem
529 3750 698 3828 occiderit,
731 3750 836 3819 solvat
863 3771 934 3822 eam
957 3749 1049 3822 iuxta
1072 3750 1209 3825 (rendist,

104 3889 205 3938 onem
236 3887 344 3939 suant
374 3860 519 3933 similiter
543 3859 626 3932 sieut
649 3873 683 3930 et
705 3856 882 3929 musculum
905 3853 1049 3928 eiusdem
1073 3855 1208 3932 eoudtti·

104 3972 181 4046 onis
203 3971 330 4045 solvere
354 3967 457 4041 debet·
512 4061 518 4070 ι
