3028 5184
468 397 583 466 Iunnx
607 403 745 466 iterun.
1132 406 1191 472 131

112 596 183 652 sitio
213 596 243 653 In
276 594 445 652 vulneribus
473 603 501 651 et
529 597 763 672 percussionibus
795 603 859 660 etc„
891 596 975 652 tertia
995 605 1076 673 parte
1098 598 1190 656 maior

113 685 263 750 efficiturt
292 684 337 741 liti
369 702 435 741 vero
461 686 627 762 compositio
650 685 799 742 medietate
821 685 915 741 minor
935 694 976 743 est
995 704 1084 763 qnam
1103 688 1188 746 liberi

114 775 244 832 hominis
274 773 371 838 XXII,
403 772 451 837 90,
482 778 521 849 cf.
552 775 639 833 Actu.
668 775 727 839 111,
745 774 874 838 71-73,
894 774 930 832 de
951 776 1117 834 hominibus
1135 777 1188 852 qui

113 863 180 920 sine
208 863 413 939 compositione
442 862 534 919 occidi
553 873 671 939 possunt
690 862 730 928 V,
748 867 862 930 inser.;
882 864 933 940 qui
952 865 1184 940 compositionem

113 953 209 1028 ipsius
229 953 264 1026 (ι’.
284 973 307 1009 e.
327 951 359 1008 in
377 952 464 1008 turba
484 952 581 1025 occisi)
600 972 739 1029 quaerero
761 953 820 1010 vult
839 952 921 1018 XIV,
943 954 967 1011 l.
992 953 1019 1012 3.
1041 953 1073 1017 4,
1087 955 1186 1011 haeres

112 1042 202 1098 occisi
232 1041 380 1118 proximus
410 1041 560 1098 homicidii
579 1043 814 1118 compositionem
835 1043 961 1100 exsolvat
981 1043 1061 1109 XIV,
1080 1043 1116 1108 6,
1136 1063 1186 1102 ex·

112 1129 224 1206 positor
248 1131 363 1186 tertiam
384 1139 496 1204 partem
522 1131 734 1206 compositionis
753 1131 879 1188 exsolvat
898 1130 939 1196 ΙΙ,
962 1132 1015 1197 11,
1064 1133 1096 1189 in
1115 1132 1185 1189 sirn-

112 1219 166 1295 pio
186 1219 257 1276 furti
277 1218 509 1294 compositionem
530 1221 655 1277 exsolvet
674 1220 734 1285 ΠΙ,
751 1219 787 1284 8,
808 1230 959 1297 componet
980 1241 1100 1279 manum
1121 1241 1185 1297 per·

112 1326 230 1364 cussam
261 1308 422 1385 harpatoris
453 1308 494 1383 (et
522 1309 662 1366 foeminas
694 1310 802 1366 fresum
834 1310 976 1374 facientis,
995 1319 1023 1367 et
1042 1310 1185 1389 aurificis)

113 1405 222 1472 quarta
251 1405 333 1472 parte
354 1396 456 1452 maiori
476 1398 680 1472 compositione
700 1417 789 1472 quam
809 1399 893 1455 alteri
913 1399 1042 1456 eiusdem
1062 1398 1185 1457 conditi·

113 1486 182 1541 onis
200 1484 312 1542 homini
331 1484 406 1542 Iud.
429 1485 515 1542 Wul.
541 1485 583 1542 10.
607 1484 653 1560 Os.
675 1487 796 1551 mulcta,
815 1487 977 1544 satisfactio.

76 1573 445 1650 comprehenderet
477 1575 510 1648 a)
530 1575 554 1631 si
573 1575 639 1649 quir
658 1574 748 1632 aliurn
769 1595 821 1651 per
851 1576 968 1652 capillos
997 1580 1184 1653 comprehen-

114 1663 193 1719 derit
221 1661 318 1726 XXII,
348 1661 395 1720 65.
425 1663 514 1721 Add.
534 1662 591 1727 ΙΙΙ,
611 1663 664 1727 40,
686 1669 726 1737 cf.
746 1666 921 1723 abstrahere.
962 1667 991 1742 d)
1013 1666 1117 1742 siper
1137 1685 1184 1725 re·

114 1751 209 1808 renda
228 1752 370 1808 foeminae
389 1752 638 1828 comprehenderit
658 1752 755 1818 XXII,
775 1753 831 1817 89,
853 1757 891 1828 cs.
910 1755 1059 1831 stringere.

77 1841 307 1899 concitares
337 1843 360 1897 si
380 1843 445 1917 quis
464 1842 496 1897 in
515 1843 639 1898 exercitu
660 1841 739 1898 litem
759 1843 944 1900 concitaverit
965 1843 1060 1908 XVII.
1082 1844 1107 1900 1.

77 1929 344 1987 concrederet
374 1940 439 1986 uter
466 1931 497 1987 in
526 1932 681 1986 certamine
709 1930 852 1988 convictus
871 1932 972 1997 fuerit,
992 1942 1020 1990 et
1039 1934 1094 1990 sibi
1114 1951 1182 1989 oon-

113 2018 271 2076 crediderit
291 2020 379 2076 solvat
400 2019 513 2075 leudem
535 2018 613 2083 XIV,
633 2018 664 2076 5.

77 2109 361 2165 concumbere:
400 2109 425 2164 si
455 2108 548 2164 libera
578 2107 704 2166 foemina
736 2127 802 2167 cum
833 2109 885 2166 lito
905 2129 964 2168 non
983 2112 1184 2168 concumberet

114 2196 172 2262 vl,
194 2197 219 2255 1.
251 2194 299 2270 Os.
319 2197 401 2253 iiher.
805 2267 808 2273 Ι

77 2286 279 2342 conditio:
309 2295 461 2360 componat
489 2288 630 2350 occisum,
659 2286 856 2360 cuiuscunque
887 2288 973 2346 fuerit
1002 2288 1184 2352 conditionis,

113 2376 177 2432 sire
207 2375 324 2440 nobilis,
354 2377 411 2432 sive
439 2377 525 2438 libor,
545 2375 602 2432 sire
623 2374 690 2432 litus
710 2376 747 2431 sit
766 2375 835 2439 VII,
854 2375 881 2433 2.
903 2377 929 2440 Ι,
953 2375 1003 2440 13,
1024 2377 1098 2434 iuret
1119 2379 1182 2452 (no-

114 2465 198 2540 bilis)
229 2484 294 2522 cum
330 2466 358 2521 ll
394 2465 521 2521 eiusdem
552 2464 724 2521 conditionis
755 2463 920 2522 hominibus
950 2466 977 2530 Ι,
1005 2465 1042 2528 2,
1073 2467 1096 2523 si
1116 2484 1184 2522 suae

114 2553 304 2616 conditionis,
333 2554 360 2610 id
382 2563 422 2610 est
441 2555 516 2611 liber
535 2569 594 2611 crat
616 2554 758 2628 (occisus),
776 2573 842 2610 cum
862 2555 956 2612 tribus
975 2574 1066 2631 aeque
1085 2556 1185 2613 liberis

115 2645 196 2700 iuret
226 2643 253 2707 Ι,
281 2643 335 2706 20,
366 2644 434 2699 litus
465 2662 531 2699 cum
560 2643 597 2700 35
628 2643 858 2700 coniuratoribus
877 2663 944 2702 suae
964 2645 1135 2702 conditionis
1154 2663 1184 2702 se

116 2742 234 2791 excuset
262 2733 289 2798 Ι,
318 2732 346 2789 8.
378 2732 436 2796 ΙΙΙ,
467 2732 503 2795 4,
532 2733 556 2788 si
584 2732 653 2787 litus
675 2732 710 2787 de
731 2733 830 2806 capitis
850 2734 893 2789 sui
914 2733 1076 2790 conditione
1095 2734 1184 2790 fuerit

116 2823 313 2880 calumniatus
333 2821 386 2885 XI,
404 2821 442 2885 2,
461 2821 551 2878 solvat
574 2821 723 2878 mulierem
748 2821 869 2878 occisam
897 2822 978 2878 iuxta
988 2822 1181 2880 conditionem

118 2932 214 2974 suam,
243 2912 314 2968 sicut
345 2921 372 2966 et
405 2911 566 2968 masculum
597 2910 724 2966 eiusdem
754 2911 926 2967 conditionis
958 2912 1066 2968 solvere
1097 2912 1181 2969 debet

119 3000 210 3059 Adel.
240 3000 276 3064 V,
310 3000 343 3064 1,
371 3009 525 3076 componat
551 2999 623 3056 iilud
655 3000 829 3075 (herpetori)
849 3010 952 3076 quarta
972 3011 1052 3076 parte
1072 3000 1180 3062 maiore

118 3090 340 3168 compositione,
368 3108 455 3164 quam
490 3088 573 3144 alteri
602 3088 729 3144 eiusdem
761 3089 933 3146 conditionis
963 3090 1074 3147 homini
1104 3090 1180 3149 Iud.

121 3181 209 3238 Wul.
233 3179 276 3236 10,
312 3178 358 3254 Of.
381 3178 496 3243 nobIlis,
515 3178 600 3242 liber,
621 3178 700 3243 litus,
717 3197 826 3236 serens.

80 3289 150 3327 con
162 3269 326 3326 ducerer
344 3270 468 3344 campio,
487 3269 537 3344 qui
558 3268 687 3324 mercede
706 3268 864 3326 conductus
884 3277 925 3325 est
945 3268 1025 3333 xlv,
1043 3272 1072 3328 7.
1151 3308 1154 3316 ·

81 3360 299 3436 configeret
329 3358 353 3415 si
381 3367 457 3414 costa
486 3357 599 3414 confixa
628 3358 715 3414 inerit
746 3357 835 3415 Adel.
868 3358 926 3422 ΙΙΙ,
947 3358 1002 3423 29,
1024 3363 1063 3435 cf.
1083 3360 1182 3436 figere,

118 3451 224 3506 forare.

81 3538 287 3596 confiteri:
318 3537 343 3594 si
361 3537 504 3594 confessus
523 3537 610 3594 fuerit
629 3534 687 3600 III,
707 3534 736 3593 3.
757 3537 785 3594 7.
808 3534 855 3611 C's.
876 3555 954 3601 reus,
971 3547 1128 3612 suspectus.

82 3627 360 3704 confringeres
392 3627 416 3683 si
446 3626 598 3684 brachium
630 3626 685 3701 (os)
713 3624 892 3682 confractum
911 3625 997 3684 fuerit
1016 3626 1114 3691 XXII,
1133 3626 1182 3685 24.

120 3715 167 3773 25.
190 3714 237 3791 Os.
255 3717 400 3792 frangere.

82 3806 331 3882 coniugium:
360 3805 397 3862 de
426 3805 566 3882 coniugiis
594 3805 734 3881 ignoratis
760 3803 813 3868 VI,
831 3807 924 3864 inser.
946 3803 993 3880 (Is.
1014 3807 1141 3882 nuptiae.

81 3898 346 3954 coniurator=
376 3894 426 3951 ille
456 3895 540 3959 dixit,
569 3914 598 3953 se
630 3895 789 3952 vellerum
809 3895 1037 3954 coniuratoribus
1056 3896 1114 3954 suis
1134 3915 1179 3954 sa·

119 3993 267 4043 eramento
297 4003 326 4042 se
355 4003 479 4061 purgare
501 3983 583 4049 XIV,
601 3981 635 4048 4,
656 4003 708 4060 ego
728 3993 754 4040 te
774 4003 840 4041 cum
860 3986 1091 4042 coniuratoribus
1111 3988 1181 4044 meis

121 4074 151 4141 6,
181 4075 211 4140 7,
243 4073 289 4139 10,
320 4072 365 4132 12.
396 4073 434 4132 20
463 4082 641 4130 sacramento
669 4091 733 4130 meo
753 4073 825 4130 rnihi
843 4073 928 4131 litum
948 4075 1063 4140 faciam,
1084 4077 1128 4134 rel
1148 4085 1181 4132 tu

120 4182 187 4220 cnm
217 4163 276 4221 tuis
307 4163 538 4220 coniuratoribus
562 4171 588 4219 te
607 4160 692 4218 debes
712 4180 846 4220 excusare
865 4162 918 4226 XI,
943 4164 974 4227 1,
995 4164 1030 4220 de
1049 4167 1181 4222 coniura-

120 4253 233 4310 toribus
263 4253 324 4310 cius
354 4251 504 4328 (periuris)
537 4251 732 4327 unusquisque
761 4251 902 4326 persolvat
932 4252 968 4317 X,
1000 4253 1024 4310 1.
1054 4254 1133 4322 XIV,
1154 4255 1182 4314 3.
