3098 5176
315 354 368 402 x11
726 354 796 402 LEX
817 353 1020 402 FRISIONUM.

320 570 347 624 et
378 557 554 642 Sinffoiam
588 555 667 621 ibid.
700 555 736 636 Ι,
775 556 875 622 3-5.
914 558 943 622 8.
984 558 1035 622 10.
1074 560 1125 622 12.
1164 561 1218 623 21.
1252 560 1329 641 ΙΧ,
1370 564 1426 628 13.

318 661 426 741 XIV,
459 663 490 726 4.
521 659 608 726 Add.
641 661 716 741 III,
749 663 803 730 58.
835 663 890 728 68.
923 663 983 727 73:
1008 664 1086 728 inter
1109 663 1273 730 Lonbaohi
1295 678 1324 733 et
1357 669 1428 732 Wi-

317 791 440 843 eenom,
465 765 518 831 vel
541 768 624 832 nitra
656 767 835 847 tantaene,
861 767 933 834 Lex
959 767 1040 834 Fris.
1065 767 1192 847 XVII,
1217 772 1249 835 4.
1273 770 1426 850 XVIII,

363 977 404 1040 In
430 976 510 1042 Vite
534 975 704 1064 Gregorii,
730 977 787 1062 qui
810 988 883 1065 post
907 987 1040 1042 mortem
1065 977 1223 1045 Bonifeoii
1246 1001 1275 1044 e.
1304 979 1426 1044 755-

319 1084 362 1148 et
367 1084 385 1146 5
422 1080 648 1146 Ultraiectensi
685 1081 838 1147 eeclesiae
862 1081 1018 1169 praefuit,
1043 1103 1062 1146 a
1086 1081 1252 1170 Liudgero
1277 1082 1428 1149 eiusdem

319 1185 475 1272 discipulo
507 1186 641 1272 scripta,
670 1186 807 1273 legimus
830 1188 864 1252 in
889 1209 956 1274 cap.
985 1187 1040 1252 10:
1090 1187 1244 1253 Doctrina
1267 1212 1324 1256 one
1349 1191 1427 1254 bea·

316 1303 364 1356 ine
399 1292 567 1376 Greqooine
601 1292 790 1370 Traiectum,
827 1293 985 1378 antiquam
1009 1293 1173 1372 civitatem,
1198 1305 1226 1359 et
1248 1297 1346 1358 oiontn
1358 1296 1427 1379 fa·

316 1419 433 1470 mooun
463 1396 626 1475 Doretod,
661 1418 728 1462 onon
751 1395 808 1462 ilie
830 1398 1000 1462 inradiavit
1016 1408 1112 1484 porte
1134 1393 1316 1477 Freeoniae,
1341 1421 1428 1483 qnae

315 1513 385 1568 tnnc
415 1502 560 1587 temporie
589 1502 819 1566 eleontionitatie
848 1504 968 1568 nomine
998 1504 1192 1580 comitatum
1214 1503 1296 1569 idem
1326 1527 1427 1589 neque

315 1608 349 1672 in
381 1609 487 1692 n'pam
518 1607 731 1673 occidentatem
752 1607 896 1693 fluminio
928 1607 1010 1692 quod
1039 1605 1150 1671 dicitnr
1181 1607 1337 1694 Lopbeki,
1366 1609 1429 1674 nbi

315 1714 476 1800 confinium
500 1724 566 1778 enat
589 1713 828 1778 chinoanornm
851 1707 1022 1777 Fretonnm
1047 1733 1084 1775 ae
1100 1734 1300 1798 papanonem
1327 1735 1426 1778 enne-

314 1819 354 1882 tie
385 1819 488 1882 diebne
522 1817 659 1904 Pippini
687 1818 783 1902 repis,
815 1815 973 1880 Mabillon
1005 1815 1092 1881 Aeta
1123 1812 1157 1881 S.
1181 1816 1303 1881 Bened.
1327 1814 1426 1882 Saec.

314 1921 380 1986 III.
405 1921 444 1986 P.
468 1919 514 1984 H.
538 1943 569 2006 p.
594 1920 662 1984 295
687 1918 753 2008 (ed.
777 1918 912 2008 Venot).

359 2027 401 2091 In
424 2026 503 2092 Vita
534 2025 693 2114 Liudgeri
716 2035 848 2091 auctore
875 2023 1016 2092 Altfrido
1042 2025 1074 2112 (Τ
1099 2027 1183 2114 849)
1207 2024 1234 2090 I.
1260 2047 1328 2114 cap.
1355 2026 1423 2090 1οε

318 2131 478 2200 Gloriosus
507 2133 656 2218 princepe
689 2131 830 2198 Korolne
862 2133 1014 2198 contient
1036 2133 1136 2219 (anno
1162 2134 1181 2195 7
1186 2130 1245 2216 85)
1275 2154 1342 2198 enm
1366 2127 1423 2218 (S.
1520 2159 1521 2164 ¹

315 2236 535 2324 Liudgerum)
560 2239 717 2302 ‹ioetonem
739 2239 773 2300 in
793 2249 879 2322 pente
905 2233 1073 2302 Fretonum
1097 2237 1136 2300 ab
1161 2237 1306 2302 orientali
1325 2247 1423 2322 parte

305 2344 449 2431 fluminio
479 2342 600 2407 Labelci
629 2360 722 2427 snper
748 2360 849 2428 papoo
889 2343 1038 2428 qninqne,
1078 2365 1210 2430 qnorum
1241 2343 1315 2407 lineo
1349 2355 1422 2408 eunt

312 2449 477 2516 oooahnia:
502 2449 706 2535 anmeneii,
735 2448 905 2533 Hnnueqffi
930 2441 1071 2534 I‘ioeipa,
1093 2448 1234 2533 Enopa,
1259 2442 1421 2532 Fedritqo,

315 2566 344 2620 et
365 2577 459 2620 enom
482 2554 615 2618 intentam
638 2553 745 2629 Bent,
769 2550 860 2616 Mon.
890 2548 932 2616 G.
957 2548 1016 2617 SS.
1041 2551 1087 2617 II.
1111 2573 1143 2638 p.
1160 2552 1239 2617 410.

360 2657 401 2724 In
433 2657 513 2724 Vita
543 2655 575 2724 S.
608 2655 787 2723 Willehadi
818 2667 949 2722 auctore
980 2656 1144 2723 Anskerio
1177 2656 1208 2743 (†
1238 2655 1322 2744 865)
1346 2677 1419 2742 cap.

314 2767 354 2831 3:
393 2765 480 2831 Venit
511 2759 562 2844 (S.
592 2762 813 2850 Willehadus)
844 2765 877 2828 in
900 2755 1041 2827 Freeiem
1066 2765 1110 2826 aei
1133 2761 1418 2849 Dookynnleioioe,
1523 2777 1524 2810 ἑ

312 2873 397 2956 qnod
432 2879 475 2934 eet
508 2868 541 2933 in
570 2890 658 2953 papo
693 2868 887 2954 Honraqa„
903 2909 935 2931 ..
977 2864 1046 2931 inde
1075 2867 1245 2952 procedent
1276 2868 1420 2950 transivit

302 2976 437 3062 flnoinm
472 2974 608 3052 Loveke,
643 2975 780 3057 venitque
815 2974 859 3037 ad
892 2974 992 3037 ioenm
1028 2967 1231 3054 flumenta,
1257 2971 1348 3035 Mon.
1373 2969 1416 3036 G.

313 3077 375 3146 SS.
398 3077 446 3142 H.
469 3100 501 3165 p.
527 3077 605 3143 380.

359 3182 449 3271 Dipl.
489 3205 556 3270 reg.
596 3180 728 3246 Henriei
770 3204 797 3245 a.
840 3181 951 3244 104οε
977 3183 1118 3266 praedio
1150 3183 1230 3246 inter
1253 3181 1364 3248 Emeee
1389 3193 1417 3246 et

312 3290 454 3368 Laeeke,
479 3286 575 3352 Heda
599 3310 629 3373 p.
657 3287 732 3350 121.

358 3393 442 3459 Eme
470 3391 513 3458 ad
535 3414 563 3456 a.
590 3392 690 3456 1234:
739 3413 760 3456 o
784 3389 915 3454 Stantia
943 3388 991 3476 (in
1014 3389 1087 3476 ripa
1109 3389 1199 3455 lacus
1221 3387 1415 3480 Zuiderzee)

310 3523 404 3588 neque
438 3499 604 3577 Looieam,
638 3496 756 3562 Matth.
793 3494 888 3560 Anal.
922 3493 969 3560 IL
1004 3517 1036 3581 p.
1075 3495 1128 3558 09.
1181 3494 1281 3573 Emo,
1317 3494 1415 3560 abbas

310 3606 494 3673 monasterii
524 3605 557 3668 in
590 3602 668 3668 villa
700 3600 940 3667 Wittowierum
972 3599 1020 3686 (in
1051 3621 1136 3687 pago
1159 3597 1312 3687 Fivelga)
1337 3621 1415 3664 oon·

311 3711 441 3786 structi,
472 3709 614 3773 nominat
645 3706 687 3772 ad
718 3727 839 3771 annum
873 3706 963 3769 1224
995 3714 1028 3770 ot
1063 3727 1091 3768 a.
1124 3704 1212 3768 1231
1238 3705 1305 3768 tooa
1327 3716 1416 3770 trane

310 3815 461 3880 Lenienne
496 3835 527 3898 p.
566 3812 697 3890 74.92,
735 3819 767 3874 et
800 3807 842 3872 ad
873 3830 993 3873 annum
1027 3809 1115 3874 1232
1152 3810 1416 3876 Tinneieoioentet

310 3943 342 4007 p.
367 3919 421 3983 93.

303 4061 461 4082 μ

308 4110 434 4173 thhittl·
455 4105 479 4156 Ῑ·
503 4120 530 4170 P·
549 4109 603 4155 181.
638 4103 782 4167 Utramque
808 4105 892 4170 ripam
909 4103 996 4156 Ieelee
1013 4102 1124 4156 fluminio
1141 4101 1227 4152 medio
1246 4114 1314 4152 aevo
1331 4099 1414 4152 Frisi-

310 4206 372 4245 onee
389 4203 441 4240 non
458 4184 647 4238 hebiteverunt.
