3020 5174
745 465 814 512 LEX
835 461 1038 510 FRISIONUM.

870 685 915 733 IV.

392 774 461 859 Qui
485 797 582 843 manu
606 775 737 841 collecta
767 776 924 841 hostiliter
947 776 1055 842 villam
1080 776 1132 842 vel
1156 773 1286 842 domum
1316 773 1439 841 alteriue

345 881 591 950 circumdederit
609 887 659 961 34,
684 881 738 947 ille
771 882 826 968 qui
836 887 867 930 ³⁵
898 891 1040 948 caeteros
1076 881 1206 970 collegit
1241 892 1275 946 et
1314 879 1439 946 adduxit

346 989 555 1078 weregildum
580 988 621 1052 ad
645 1001 769 1074 partem
793 989 878 1074 regis
902 998 1082 1074 componat,
1110 997 1143 1053 et
1167 987 1223 1074 qui
1247 1009 1322 1052 eum
1348 987 1439 1051 secuti

345 1104 436 1175 sunt,
473 1094 696 1180 unusquisque
732 1093 849 1159 solidos
885 1091 977 1172 XII,
1012 1104 1045 1158 et
1081 1095 1112 1158 ei
1147 1094 1201 1158 cui
1228 1092 1397 1169 damnum,
1418 1091 1439 1155 si

345 1203 440 1266 ctiam
473 1200 624 1265 damnum
655 1199 780 1264 illatum
805 1211 869 1277 est,
895 1200 927 1262 in
961 1198 1060 1286 duplo
1084 1198 1291 1277 emendetur,
1316 1197 1398 1262 ultra
1413 1201 1439 1244 ³5

343 1307 506 1372 Laubaclti
529 1329 598 1370 vero
622 1309 655 1369 in
677 1305 797 1392 simplo·
806 1305 837 1354 37

880 1426 912 1473 V.

392 1513 458 1598 Qui
473 1518 675 1604 mancipium
700 1519 733 1581 in
762 1539 902 1602 paganas
934 1527 1044 1603 gentes
1069 1513 1249 1581 vendiderit
1267 1518 1322 1592 38,
1349 1533 1438 1578 were·

343 1624 465 1711 gildum
492 1644 585 1688 sunm
611 1622 650 1687 ad
676 1632 799 1709 partem
825 1623 909 1710 regis
934 1622 1057 1687 solvere
1081 1630 1224 1708 cogatur.

717 1927 746 1990 'I
771 1929 789 1992 I
814 1928 852 1993 T.
877 1929 1008 1995 XVIII
1026 1935 1067 1995 ³9.

726 2147 773 2192 DE
798 2147 860 2193 DII}
885 2147 1072 2198 DOMINICO.

887 2349 911 2399 Ι.

392 2439 461 2522 Qui
495 2460 574 2525 opus
608 2436 722 2503 servile
756 2437 807 2503 die
832 2435 989 2505 dominico
1014 2439 1147 2524 fecerit,
1178 2447 1261 2512 ultra
1287 2448 1439 2515 Lacharli

343 2549 457 2613 eolides
489 2542 582 2621 XII,
614 2543 647 2608 in
680 2543 814 2612 caeteris
846 2543 923 2607 locis
950 2543 1081 2612 Fresiae
1114 2547 1165 2615 IV
1193 2551 1314 2618 solidos
1340 2556 1437 2642 culpa-

341 2652 413 2718 bilis
437 2649 598 2716 iudicetur
615 2653 657 2712 4⁰.

880 2770 916 2819 11.

389 2861 424 2929 Si
461 2884 573 2928 servus
609 2859 671 2926 hoc
702 2860 831 2942 fecerit,
859 2863 1033 2949 vapuletur
1051 2871 1101 2944 41,
1126 2879 1182 2932 aut
1206 2868 1357 2938 dominus
1381 2873 1437 2937 eius

340 2966 393 3032 IV
418 2967 534 3033 solidos
558 2989 617 3053 pro
641 2966 694 3032 illo
719 2977 888 3055 componat
906 2971 947 3032 42.

763 3283 896 3352 TIT.
920 3285 1023 3355 XIX.

712 3507 761 3553 nn
785 3499 1062 3559 PARR101n11s43.

884 3710 907 3760 1.

387 3793 423 3859 Si
440 3801 473 3845 44
507 3796 579 3880 quis
610 3807 734 3882 patrem
759 3819 852 3862 suum
884 3800 1054 3883 occiderit,
1078 3804 1193 3891 perdat
1217 3807 1433 3888 hereditatem,

340 3923 423 3984 quae
449 3900 489 3966 ad
515 3924 587 3966 eum
612 3904 773 3988 pertinere
799 3902 944 3972 debebat.

846 4030 872 4076 11
891 4017 932 4075 45.

385 4107 421 4176 Si
451 4113 523 4197 quis
557 4113 689 4180 fratrem
726 4137 820 4182 snum
856 4117 1028 4199 occiderit,
1061 4123 1164 4188 solvat
1199 4149 1273 4192 eum
1298 4131 1432 4216 proximo

336 4217 464 4297 heredi,
488 4219 555 4284 sive
579 4219 681 4286 filium
706 4232 762 4286 aut
790 4222 887 4288 filiam
920 4225 1088 4308 habuerit,
1113 4241 1170 4295 aut
1195 4234 1220 4297 si
1245 4247 1363 4301 neuter
1385 4236 1432 4299 ho-
