3028 5184
521 436 638 502 lwuux
659 440 799 506 limeum.
1147 443 1207 507 163

126 632 151 688 si
181 635 247 708 quis
282 635 425 692 homiuem
458 634 591 691 occiderit
622 643 650 691 et
680 636 873 700 absconderit,
903 654 1001 692 uorem
1034 637 1199 712 weregildus

127 731 283 798 componat
312 723 376 787 XX.
406 725 443 790 23
474 724 582 800 siquis
603 724 732 800 puellam
754 726 893 800 virginem
915 725 1042 799 rapuerit
1063 735 1088 780 el
1110 727 1198 783 riola·

127 819 188 867 lum
217 812 370 877 dimissui,
398 823 550 892 componet
577 813 604 868 ei
624 814 811 890 weregildum
832 815 893 870 eius
913 823 939 869 et
960 813 996 868 ed
1018 823 1129 888 perlem
1151 835 1196 872 re·

125 900 169 974 gis
188 900 333 969 similiter,
359 912 388 961 et
406 905 522 961 tertium
543 903 728 977 weregildum
748 904 836 960 tutori
857 903 970 979 puellae
989 902 1043 966 IX,
1064 902 1092 959 8.
1114 904 1150 964 9:
1171 906 1193 960 si

126 997 271 1048 veretrum
303 992 368 1068 quis
395 993 484 1050 alium
515 991 666 1049 absciderit
695 992 851 1065 (leslioulos
880 991 1044 1065 excusserit)
1066 994 1193 1070 weregil-

124 1075 197 1132 dum
228 1099 312 1135 suum
340 1089 494 1156 componat
522 1079 615 1142 XXII,
642 1078 689 1137 57.
718 1080 774 1144 58;
796 1083 819 1137 si
842 1090 930 1137 lotum
949 1081 1064 1136 oculum
1087 1084 1193 1138 eruerit

125 1167 214 1237 (teret.¹
234 1169 258 1224 si
278 1168 380 1245 linqua
400 1173 527 1245 praesim
547 1169 645 1242 suu-ir)
667 1171 848 1230 medietatem
868 1170 1015 1246 weregildi
1040 1183 1191 1246 oompouul

124 1253 223 1320 XXII,
254 1257 301 1315 46.
330 1260 419 1316 Adel.
449 1260 505 1323 ΙΙΙ,
525 1257 571 1317 Ill.
600 1261 628 1333 ὁ)
650 1260 691 1315 dd
713 1269 824 1335 perlem
844 1260 919 1335 regis
939 1279 993 1335 pro
1011 1259 1093 1315 freda
1113 1279 1191 1317 eom·

124 1352 215 1419 ponet
234 1347 418 1423 weregildum
438 1369 522 1406 suum
551 1348 607 1413 ΙΙΙ,
628 1347 710 1407 2-4.
729 1350 758 1408 8.
787 1348 903 1413 v11‚2.
931 1348 1189 1414 v111‚2.1x‚1.

125 1432 155 1490 8.
181 1434 223 1491 ll.
248 1435 364 1494 15-17.
391 1438 430 1504 Χ,
454 1439 478 1497 Ι.
504 1438 585 1503 xlv.
604 1438 632 1496 3.
658 1438 753 1504 XVII,
775 1439 802 1496 l.
822 1438 850 1496 5.
876 1437 955 1501 ΧΧΙ,
980 1441 1003 1495 l.
1028 1439 1114 1496 Add.
1136 1438 1191 1502 Ill,

124 1520 173 1579 76.
203 1523 251 1581 78.
281 1524 348 1591 Vll,
370 1529 395 1584 l.
426 1527 479 1592 IX,
502 1529 536 1592 l3
557 1530 582 1585 si
601 1529 665 1602 quis
687 1531 770 1586 homo
790 1529 895 1584 fulsum
915 1536 1125 1584 sacramentum
1145 1529 1191 1584 iu·

124 1612 243 1678 ramerii,
273 1614 311 1671 ad
341 1626 452 1692 perlem
483 1618 556 1693 regis
587 1617 772 1693 weregildum
796 1637 881 1674 suum
902 1627 1064 1691 componat,
1084 1625 1111 1673 el
1131 1618 1189 1673 alio

124 1702 278 1778 weregildo
309 1725 429 1763 monum
458 1726 539 1762 suam
571 1706 694 1763 redimat
714 1707 751 1772 X,
774 1707 799 1764 l.
823 1704 869 1780 Os.
890 1706 995 1769 leudis,
1015 1706 1191 1782 compositio,

123 1799 154 1846 et
173 1792 244 1848 vide
263 1796 371 1851 uerba:
390 1795 554 1859 satisfactio,
575 1795 712 1871 prelium,
732 1795 882 1852 redimere.

84 1878 323 1939 wlitiwumr
354 1885 377 1942 si
409 1903 443 1941 ex
471 1887 652 1960 percussione
682 1884 848 1942 deformitas
877 1884 960 1941 faciei
991 1884 1071 1941 illem
1091 1885 1191 1952 fuerit.

122 1969 203 2044 quod
237 1971 382 2030 wlitiwum
414 1975 515 2031 dieunt
546 1975 631 2031 Add.
663 1973 719 2038 Ill,
751 1972 796 2031 16.
829 1973 876 2047 Cf.
896 1973 1073 2038 deformiles,
1091 1973 1189 2041 fusim,

123 2068 281 2132 perculere.
