3028 5184
251 404 253 410 ’
319 439 382 504 100
519 437 643 501 eAss.
665 435 746 500 ste.
789 403 819 496 r
840 450 852 494 1
875 449 906 496 r.
928 431 992 496 111.
1035 433 1186 516 §cc-os.

320 633 500 709 perforatae'’
521 632 553 688 in
574 640 644 688 »ter
664 629 683 686 4
701 628 825 686 solidos'’
847 628 877 684 iu
899 647 983 685 usum
1004 626 1111 686 Frisiae
1130 629 1241 688 mediae
1260 638 1344 686 aucte
1363 638 1418 694 est3

319 723 353 778 in
382 740 444 798 cap.
465 719 503 779 65
522 723 565 778 tit.
585 720 630 778 III
650 719 724 777 Add.
745 718 861 776 tandem
882 719 965 775 nobis
986 721 1111 776 occurrit
1130 720 1238 777 mulcta
1258 720 1420 781 »maxillae

319 809 541 887 transpunctae”
562 809 595 866 in
616 807 634 866 6
652 809 757 866 solidos
777 806 942 864 constituta.
982 807 1087 864 Utrum
1107 809 1265 884 capitulum
1280 808 1316 866 65
1327 809 1418 866 mule·

320 908 379 956 tam
408 899 479 975 legis
508 899 579 958 Fris.
610 899 710 956 veteris
737 899 768 954 in
789 915 876 954 usum
896 895 1003 953 Frisiae
1023 897 1206 956 occidentalis
1224 907 1351 974 repetere
1373 917 1421 955 vo·

318 988 406 1045 luerit
433 1007 486 1046 neo
514 1007 562 1053 ne,
589 986 757 1062 quaeritur3
778 986 888 1042 litteras
907 986 1063 1042 verborum
1084 985 1142 1045 VI
1155 987 1277 1051 solidos,
1295 977 1370 1062 quae
1392 989 1420 1045 in

322 1095 384 1155 cap.
416 1076 454 1135 65
484 1077 617 1134 editionis
648 1076 837 1134 Heroldianae
857 1074 1006 1152 leguntur,
1025 1074 1057 1130 in
1078 1083 1125 1131 ter
1144 1074 1203 1134 JV
1218 1077 1329 1133 solidos
1357 1095 1421 1132 mu·

320 1176 381 1224 tare
400 1165 479 1224 haud
499 1167 666 1223 sustineam.

360 1255 390 1289 ²⁰
433 1254 502 1330 Cap.
532 1254 569 1312 66
597 1253 728 1311 additum
763 1261 804 1310 est
834 1251 960 1327 capitulo
990 1251 1029 1309 83
1058 1252 1135 1310 tituli
1165 1252 1249 1310 XXII
1268 1253 1324 1330 leg.
1343 1253 1421 1311 Fris.

318 1344 354 1401 Iu
384 1344 447 1402 iure
475 1343 581 1400 Frisioo
609 1343 766 1400 recentiore
795 1341 925 1398 criminis
954 1343 1180 1417 ereprad-depone
1212 1343 1367 1408 nominati,
1388 1342 1422 1398 de

224 1435 226 1439 ’
318 1452 376 1508 quo
405 1433 523 1509 quidem
550 1434 604 1489 hoc
632 1433 696 1488 loco
726 1431 887 1494 disseritur,
917 1438 974 1486 tres
1004 1431 1110 1506 gradus
1130 1431 1345 1489 discernuntur.
1387 1431 1422 1489 In
1500 1452 1504 1482 ·,

318 1523 389 1598 legis
418 1521 489 1580 Fris.
518 1522 619 1580 veteris
638 1520 764 1596 capitulo
784 1519 903 1577 laudato
922 1519 1030 1576 mulcta
1050 1529 1292 1577 commemoratur
1313 1520 1345 1576 iu
1364 1520 1422 1576 cri-

319 1611 407 1668 minis
435 1611 528 1687 gradu
556 1609 667 1666 minore
695 1608 842 1673 solvenda,
870 1616 898 1664 et
917 1607 949 1663 in
969 1609 1094 1683 capitulo
1116 1608 1148 1665 41
1173 1609 1250 1666 tituli
1269 1609 1313 1666 III
1335 1609 1422 1666 Addi-

319 1699 405 1756 tionis
431 1701 463 1756 in
492 1718 577 1755 usum
612 1697 720 1755 Frisiae
751 1697 862 1754 mediae
893 1697 1078 1754 constitutum
1099 1705 1152 1762 est,
1171 1706 1204 1754 ut
1224 1699 1294 1755 baec
1313 1699 1422 1754 midota
1500 1686 1503 1701 ¹

318 1797 362 1846 ter
392 1797 564 1845 sumeretur.
610 1786 778 1863 Capitulum
810 1785 847 1842 66
876 1785 953 1842 tituli
983 1784 1028 1842 ΙΙΙ
1058 1785 1218 1844 Additionis
1246 1788 1421 1844 mentionem

319 1878 388 1934 facit
407 1878 530 1934 mulctae
549 1878 580 1933 in
601 1876 732 1932 criminis
752 1875 820 1931 dicti
840 1873 934 1950 gradu
953 1876 1061 1932 maiore
1080 1876 1111 1962 in
1132 1875 1225 1932 Frisia
1252 1876 1422 1933 occidentali
1499 1926 1503 1955 Ι

319 1967 481 2030 solvendae,
508 1975 535 2022 et
567 1966 653 2022 rerba
684 1972 731 2020 ter
749 1963 830 2020 XII
844 1967 909 2028 eol„
928 1964 1037 2039 quibus
1058 1965 1217 2040 capitulum
1237 1965 1339 2029 utitur,
1357 1985 1422 2040 pro·
1500 1999 1503 2027 ,

321 2056 393 2113 bant
421 2055 560 2112 mulctam
591 2063 713 2111 retorem
745 2053 816 2110 iuris
847 2052 958 2118 Frisici,
990 2073 1077 2129 quam
1106 2063 1199 2111 textus
1230 2063 1324 2112 noster
1352 2055 1422 2131 legis
1500 2055 1503 2111 ἒ

322 2142 446 2200 Frisicae
476 2143 575 2201 veteris
595 2142 707 2199 silentio
726 2141 875 2218 praeterit,
894 2149 938 2198 ter
960 2161 1020 2200 esse
1040 2143 1219 2201 sumendam.
1261 2143 1342 2203 conf.
1362 2153 1421 2201 not.
1499 2122 1503 2167 i

326 2231 361 2290 15
403 2231 479 2290 .85.

366 2252 400 2355 ²1¹)
440 2319 543 2380 Verbis
570 2320 690 2398 capituli
721 2318 758 2376 66
788 2319 961 2382 conferenda
991 2330 1059 2377 sunt
1077 2341 1111 2378 ea
1130 2322 1237 2397 quibus
1254 2322 1330 2399 leges
1350 2321 1421 2385 Fris.

323 2409 494 2469 recentiores
513 2419 645 2475 utuntur,
664 2410 746 2468 ride:
767 2411 886 2466 bever-so
905 2430 956 2466 ma
976 2429 1046 2467 enne
1064 2431 1131 2468 moa
1152 2415 1268 2486 toerptlr
1292 2414 1328 2485 of
1342 2413 1421 2486 stipi

324 2503 422 2575 iestlrc
450 2502 487 2573 of
501 2519 583 2556 encre
602 2502 708 2575 dreqqe
727 2518 789 2555 ana
808 2517 843 2554 eo
862 2499 990 2555 unlcnde
1008 2503 1109 2565 wetir,
1129 2503 1191 2558 thet
1209 2503 1243 2558 ti
1261 2502 1371 2576 ground
1388 2521 1422 2556 rae

323 2590 396 2647 lond
423 2591 580 2663 spertberc
609 2607 645 2646 ne
673 2607 761 2662 spero
792 2607 837 2644 me
866 2589 911 2644 mi
941 2589 1020 2644 mitte
1030 2591 1121 2663 solon
1142 2609 1176 2646 ne
1195 2592 1274 2647 mitt
1294 2591 1421 2654 hendor,

322 2678 411 2735 Fries.
441 2678 572 2753 Rechtsq.
602 2697 632 2754 p.
663 2677 719 2741 95,
736 2675 783 2734 22.
812 2676 880 2741 232,
902 2676 946 2734 ll.
975 2677 1043 2742 339,
1064 2677 1109 2735 34.
1139 2677 1209 2744 463,
1229 2677 1257 2736 4.
1286 2677 1355 2745 446,
1374 2679 1419 2738 32.

322 2766 390 2833 455,
411 2767 439 2825 3.
467 2765 536 2833 493,
556 2765 604 2824 20.
633 2765 701 2827 497,
721 2763 768 2823 26.
817 2765 853 2822 Iu
884 2765 1014 2822 oriminis
1042 2765 1111 2822 dieti
1129 2768 1223 2842 gradu
1243 2767 1279 2824 de
1298 2789 1356 2845 quo
1376 2789 1420 2826 oa·

321 2857 448 2935 pitulum
476 2855 515 2915 83
545 2855 622 2913 tituli
651 2854 734 2912 XXII
761 2855 817 2931 leg.
848 2853 921 2912 Fris.
941 2852 1065 2920 disserit,
1085 2857 1170 2912 homo
1190 2856 1284 2914 laesus
1304 2859 1340 2915 de
1359 2865 1420 2934 r1'pa
1502 2873 1505 2928 ἢ

323 2946 455 3004 fluminis
485 2946 528 3003 rel
557 2945 647 3001 fossae
676 2944 709 3000 in
742 2962 850 3018 aquam
881 2944 986 3000 eiectus
1006 2951 1058 3008 est,
1087 2945 1163 3002 conf.
1196 2947 1282 3003 rerba
1303 2948 1420 3024 capituli
1502 2989 1503 2994 κ

323 3034 451 3092 laudati:
488 3036 541 3108 qui
578 3037 670 3090 irrata
700 3051 811 3107 aquam
839 3040 969 3089 stantem
998 3034 1205 3106 impinxerin
1233 3037 1265 3090 in
1294 3037 1420 3093 criminis
1502 3027 1503 3032 ¹

324 3131 419 3180 autern
439 3122 534 3198 gradu
552 3122 660 3178 maiore
685 3122 734 3178 ille
755 3121 790 3177 de
811 3122 877 3178 navi
898 3121 941 3178 rel
961 3122 996 3178 de
1015 3131 1103 3198 ponte
1122 3123 1152 3178 iu
1173 3143 1278 3200 aquam
1299 3126 1419 3184 deiectus

325 3218 378 3275 est,
405 3219 437 3266 ut
467 3210 542 3286 leges
571 3208 694 3266 Frisicae
723 3210 894 3266 recentiores
920 3210 1024 3267 allatae
1054 3223 1290 3278 commemorant,
1318 3217 1419 3291 quibus

325 3299 500 3356 conferenda
528 3307 596 3356 sunt
624 3299 712 3356 rerba
741 3297 812 3375 Iegis
842 3299 948 3357 Saxou.
977 3299 1000 3357 1.
1032 3320 1057 3358 o.
1079 3302 1115 3359 9:
1135 3304 1164 3358 si
1183 3305 1251 3378 qais
1269 3307 1369 3362 alium
1387 3305 1420 3360 de

319 3397 411 3466 ponte
441 3391 487 3446 cel
512 3391 585 3446 navi
615 3390 661 3446 cel
688 3391 761 3462 rt'pa
788 3390 822 3444 ire
844 3392 964 3465 flumen
983 3392 1175 3464 impinxerit,
1200 3399 1228 3448 et
1248 3395 1336 3450 rerba
1354 3393 1419 3470 legis

326 3478 468 3536 Buuwar.
497 3477 553 3542 ΙΙΙ,
580 3477 615 3537 22
634 3480 663 3534 ei
682 3480 750 3553 quis
769 3479 867 3534 alitem
887 3478 924 3534 de
941 3480 1015 3552 ra'pa
1033 3483 1082 3536 ael
1098 3481 1135 3538 de
1147 3489 1240 3554 ponte
1259 3484 1293 3538 in
1312 3503 1420 3558 aquam

325 3570 520 3643 imperauerit,
540 3567 619 3643 quod
638 3565 820 3645 Boitctcart‘i
839 3569 871 3623 in
890 3587 1003 3624 rencourt
1023 3569 1140 3627 dictent.

368 3657 398 3692 ²²
442 3656 607 3732 Capitulum
638 3656 675 3713 67
704 3656 835 3713 additum
866 3665 907 3714 est
937 3657 1063 3734 capitulo
1089 3657 1127 3715 87
1157 3660 1235 3716 tituli
1263 3659 1348 3719 XXII
1369 3663 1420 3736 leg.

326 3746 411 3808 Fris..
440 3753 468 3802 et
497 3745 805 3803 „remunerationem”
838 3745 883 3803 rel
913 3738 1122 3805 »morcedem’'
1151 3748 1257 3807 ibidem
1288 3750 1320 3806 in
1341 3770 1419 3806 usum

326 3835 434 3892 Frisiae
454 3834 565 3891 mediae
585 3835 778 3899 constitutam,
796 3835 827 3890 in
856 3853 940 3892 usum
970 3835 1079 3894 Frisiae
1106 3838 1289 3895 occidentalis
1310 3840 1419 3915 repetitt

327 3942 387 3982 non
407 3921 485 3980 enim
505 3922 684 3997 dictumest,
704 3923 863 3980 mercedem
882 3926 1057 4001 propositum
1078 3935 1121 3982 ter
1139 3947 1198 3984 esse
1217 3928 1398 3986 sumendam.

369 4011 401 4047 ²²
442 4011 477 4069 In
507 4012 569 4089 lege
599 4011 762 4069 Frisiorum
782 4021 876 4070 vetere
895 4014 1022 4090 capitula
1041 4015 1123 4072 nulla
1142 4016 1343 4081 inveniuntur,
1360 4017 1422 4093 qui·

327 4104 381 4161 bus
411 4101 519 4158 adiecta
549 4101 607 4159 sint
636 4101 762 4177 capitula
792 4099 903 4160 68—70
933 4103 1008 4159 tituli
1040 4102 1085 4160 ΙΙΙ
1108 4104 1279 4170 Additiorris,
1298 4108 1421 4181 quaein

326 4210 411 4250 usum
431 4190 537 4248 Frisiae
556 4190 749 4254 occidentalis,
769 4209 826 4248 non
847 4190 955 4247 Frisiae
975 4191 1121 4249 orientalis
1140 4202 1167 4249 et
1187 4193 1298 4250 mediae
1318 4196 1420 4272 scripta

326 4300 387 4340 esse
415 4278 531 4336 iudicio.
573 4279 704 4355 capitula
724 4279 799 4336 dicta
817 4299 877 4336 nou
897 4279 1043 4355 disputare
1063 4282 1098 4337 de
1118 4281 1180 4338 iure
1201 4281 1310 4340 Frisiae
1328 4282 1420 4340 orien-
