3028 5184
516 443 632 508 Iunax
654 440 796 504 Ruauu.
1132 443 1192 508 155

121 639 197 715 regis
216 639 298 706 XIX,
317 642 344 698 2.
369 641 416 717 Os,
436 641 528 699 freda.

80 746 199 804 ruga:
219 729 243 784 si
262 749 349 808 rugas
368 731 470 788 frontis
490 728 623 786 inciderit
642 726 737 790 XXII,
760 725 877 784 11-13,
896 725 985 784 Add.
1006 726 1065 791 Ill,
1082 726 1128 785 20.
1141 726 1190 785 21.

81 829 170 874 rum
182 837 299 893 perer
328 820 352 876 si
375 822 554 883 membrana,
573 835 632 894 qua
651 818 801 874 cerebrum
821 815 994 880 continetur,
1013 825 1100 892 rupta
1120 817 1185 872 fue-

122 905 161 962 rit
181 905 277 972 XXII,
296 907 325 966 8.
348 907 395 983 Cf.
413 910 555 985 frangere.

81 1083 233 1228 Sagrfaa
261 1084 312 1159 qui
331 1085 374 1143 ibi
393 1086 437 1160 (iu
457 1086 538 1161 iane)
558 1083 670 1158 aliquid
691 1083 726 1140 dc
746 1083 833 1140 sacrIs
854 1078 952 1139 tulerit
973 1079 1061 1140 Add.
1084 1081 1136 1147 XI,
1159 1081 1184 1138 l.

141 1175 175 1246 s.
207 1191 306 1230 auum.

80 1263 441 1321 sacramentalis:
471 1281 537 1319 cum
567 1253 675 1338 septem
703 1261 745 1334 (1.
775 1260 803 1317 3.
833 1259 863 1318 5.
891 1259 920 1318 7.
945 1258 988 1317 11.
1009 1259 1186 1336 23.)sacra-

123 1351 299 1409 mentalibus
329 1353 404 1410 iuret
432 1352 458 1417 Ι,
490 1351 518 1410 3.
548 1350 576 1409 6.
605 1353 633 1409 7.
662 1351 691 1411 9.
714 1349 757 1409 16.
787 1348 834 1409 21.
862 1348 906 1414 ΙΙ,
934 1350 961 1407 3.
990 1349 1048 1414 ΠΙ,
1079 1349 1103 1407 l.
1135 1348 1183 1423 Os.

122 1442 245 1505 iurator,
264 1443 440 1502 coniuratcr.

82 1539 399 1587 sacramentum:
421 1525 1199 1605 a)1‚tt.12.17-19.11‚t-6.8-1t.111,5.x,.

127 1619 153 1676 1.
173 1617 228 1684 XI,
251 1617 330 1676 1-3.
349 1617 429 1684 XIV,
450 1619 529 1676 l-l.
547 1617 636 1676 Add.
656 1618 712 1681 Ill,
731 1615 777 1675 49.
806 1618 836 1694 b)
858 1617 889 1675 si
908 1618 973 1693 quia
993 1617 1078 1673 home
1096 1635 1185 1692 super

124 1709 262 1785 reliquias
281 1717 444 1766 sanctorum
465 1709 570 1765 falsum
590 1716 800 1765 sacramentum
820 1706 958 1764 iuraverit
979 1705 1016 1770 X,
1039 1706 1072 1772 le
1092 1725 1187 1764 sacra-

125 1808 257 1857 mentum
284 1799 361 1873 quod
390 1800 496 1857 nobilis
515 1800 611 1856 iurare
630 1799 713 1856 debet
733 1797 774 1862 ll,
794 1797 830 1862 6;
850 1797 918 1854 litus
940 1798 1015 1853 iuret
1035 1795 1187 1853 medietate

124 1890 234 1946 maiore
253 1898 440 1952 sacramento,
458 1908 545 1964 quam
567 1889 641 1945 liber·
660 1888 695 1944 dc
717 1887 807 1943 nobili
827 1887 876 1961 (de
895 1885 999 1961 libero)
1018 1887 1117 1943 iurare
1135 1885 1187 1941 ‹le-

124 1981 193 2036 beat
211 1976 253 2041 II,
275 1975 307 2040 93
329 1978 415 2034 huius
434 1977 520 2054 pretii
541 1995 654 2034 serrum
675 1977 762 2033 luisse
782 1977 916 2034 domiuus
935 1984 1114 2032 sacramento
1133 1993 1185 2031 suc

124 2068 232 2125 iuravit
246 2066 273 2130 I,
286 2067 337 2131 113
359 2077 570 2125 sacramentum
591 2087 657 2124 cum
677 2067 789 2123 duobus
809 2072 887 2137 (cum
907 2073 979 2135 uuo)
999 2066 1074 2123 iuret
1094 2064 1116 2129 l,
1141 2064 1185 2122 17.

129 2157 174 2214 18.
194 2155 236 2220 ΙΙ,
255 2155 288 2216 lt:
308 2155 391 2212 liceat
411 2157 438 2212 ei
457 2176 508 2213 sua
527 2157 616 2213 solius
626 2174 715 2212 manu
726 2163 934 2212 sacramentum
947 2173 1082 2230 peragere
1094 2153 1184 2211 Adel.

126 2245 183 2309 ΙΙΙ,
203 2243 259 2307 49;
280 2246 302 2302 si
322 2255 419 2302 autem
439 2265 468 2302 se
488 2247 580 2303 solum
601 2246 639 2302 ad
659 2244 828 2302 sacramenti
849 2244 1015 2320 mysterium
1034 2243 1189 2320 perficien-

125 2335 197 2390 dum
225 2334 376 2408 protulerit
404 2334 457 2399 XI,
487 2334 523 2396 33
543 2343 720 2408 suaquarta
741 2335 844 2410 (sexta)
866 2352 954 2389 mauu
975 2340 1187 2389 sacramentum

125 2422 256 2500 perficiat
284 2422 309 2486 I,
336 2422 390 2483 192
410 2423 451 2486 Il,
475 2423 528 2485 10;
547 2423 681 2478 dominus
700 2423 732 2477 in
754 2421 920 2479 vestimento
939 2437 996 2478 suc·
1010 2428 1188 2476 sacramento

125 2511 256 2588 perficiat
288 2510 344 2574 III,
373 2511 412 2575 53
443 2512 527 2568 debet
547 2511 596 2568 illc
615 2529 667 2567 sua
686 2510 857 2567 duodecima
877 2528 965 2566 mauu
985 2527 1014 2566 sc
1034 2508 1189 2586 purificare

125 2601 207 2663 XIV,
241 2600 250 2654 1
267 2620 274 2663 t
294 2619 359 2656 cum
380 2601 610 2657 coniuratoribus
629 2600 688 2656 suis
706 2607 886 2659 sacramento
905 2617 934 2655 se
952 2617 1078 2675 purgare
1099 2598 1187 2654 veluit

127 2689 209 2754 XIV,
240 2688 278 2754 le
308 2709 359 2746 sua
389 2690 558 2747 duodecima
588 2709 680 2746 manu
698 2689 866 2765 perlecterio
886 2689 1010 2761 (emend.
1030 2688 1187 2764 purifacto-

127 2779 208 2849 rici)
228 2787 406 2835 sacramente
426 2799 455 2835 se
475 2779 559 2837 debet
578 2797 712 2835 excusare
732 2777 811 2841 XIV,
832 2775 868 2842 23
889 2785 1067 2835 sacramente
1086 2796 1116 2833 se
1137 2793 1186 2832 ex·

126 2877 207 2925 cuset
236 2866 278 2930 ΙΙ,
299 2867 334 2933 63
368 2867 474 2925 maiore
511 2869 555 2927 rel
585 2869 697 2924 minore
728 2875 919 2931 sacramente,
948 2874 1035 2942 prout
1062 2864 1188 2941 qualitas

127 2957 266 3033 pecuniae
285 2957 383 3022 luerit,
400 2977 430 3014 se
449 2976 583 3014 excusare
602 2957 718 3014 debebit
739 2955 780 3019 ΙΙ,
803 2955 846 3012 11.
867 2954 894 3019 Ι,
917 2953 965 3019 12;
985 2973 1037 3032 ego
1063 2964 1092 3012 te
1119 2973 1185 3012 cum

128 3045 360 3103 coniuratoribus
387 3047 491 3106 meis..
525 3055 702 3103 sacramente
732 3064 793 3102 meo
813 3045 885 3100 milri
905 3044 989 3100 litum
1009 3045 1113 3101 faciam
1134 3043 1190 3110 XI,

131 3135 166 3198 l,
195 3145 372 3191 sacramento
400 3143 451 3192 tuc
478 3136 515 3191 ad
534 3137 698 3192 servitutem
718 3153 763 3190 me
783 3132 906 3208 adquiro
925 3133 977 3199 XI,
997 3132 1032 3198 2³
1052 3151 1125 3209 nega
1144 3152 1190 3190 aa·

128 3232 310 3280 crementum
330 3244 427 3280 meum
446 3225 499 3289 XI,
518 3225 546 3283 3.
577 3225 625 3299 Cf.
646 3226 752 3288 iurare,
773 3243 885 3280 manus.

88 3313 273 3389 sagittae
303 3314 355 3388 qui
374 3314 505 3371 maxillas
525 3315 627 3390 sagitta
647 3313 822 3370 transfixerit
841 3312 938 3377 XXII,
955 3312 1003 3371 85.
1026 3313 1071 3389 Cf.
1093 3314 1192 3372 telum.

87 3420 192 3478 sagu
205 3421 251 3457 rue
272 3403 408 3478 producat
429 3404 575 3459 homiuem
603 3411 631 3458 et
657 3404 733 3458 iuret
753 3412 853 3459 teneus
872 3420 938 3458 eum
958 3421 1009 3478 per
1028 3421 1108 3459 cram
1128 3403 1190 3478 sagi

129 3492 176 3548 sui
195 3489 271 3554 XIV,
291 3490 321 3551 5.
344 3492 391 3566 Os.
411 3493 518 3549 iurare.

87 3595 264 3638 sanare:
296 3581 320 3636 si
356 3581 462 3637 vulnus
497 3587 631 3636 sanatum
667 3578 827 3634 cicatricem
857 3577 972 3634 duxerit
1001 3577 1090 3636 Adel.
1121 3580 1188 3644 ΙΙΙ,

131 3666 187 3732 343
217 3669 241 3724 si
261 3667 367 3726 rulaus
385 3668 481 3726 sanari
501 3686 558 3725 aon
579 3665 666 3742 possit
686 3667 776 3723 Adel.
796 3665 855 3732 III,
872 3665 920 3724 45.
941 3664 988 3740 Os.
1008 3667 1142 3724 claudere
1161 3677 1190 3726 et

130 3758 246 3816 vulnus.

90 3855 286 3907 sanctuar
317 3848 457 3924 reliquiae
486 3855 650 3905 sanctorum
680 3845 718 3912 X,
750 3845 775 3907 1.
805 3843 873 3909 Xll,
897 3845 1118 3910 1.x1v.1.3.
1142 3845 1189 3924 Os.
1280 3915 1282 3919 .

129 3935 278 4010 reliquiae.

89 4027 290 4102 sanguise
317 4025 342 4082 si
370 4025 436 4100 quis
463 4025 554 4082 alium
581 4025 621 4081 ita
652 4024 824 4101 percusserit
845 4032 876 4080 ut
893 4024 1064 4100 sanguinem
1083 4026 1192 4084 fuderit

130 4114 298 4190 (dimiserit)
329 4111 424 4178 XXII,
449 4111 482 4171 l.
514 4114 604 4173 Add.
634 4113 692 4179 Ill,
722 4113 777 4178 43;
807 4113 916 4188 siquis
936 4113 1026 4170 alium
1047 4117 1192 4192 unguibus

130 4205 295 4269 cratarerit,
326 4212 357 4260 at
386 4219 444 4259 uon
472 4204 588 4279 sanguis
617 4203 666 4260 sed
697 4204 802 4260 humer
820 4221 926 4278 aquosa
946 4202 1082 4262 decurrat
1103 4206 1194 4264 ΑΜ.

138 4292 196 4360 ΙΙΙ,
216 4293 264 4353 Il.
286 4291 334 4370 Os.
353 4299 512 4371 percutere.
