3020 5174
492 423 563 468 sax
585 420 789 469 salmossa.
1153 407 1190 466 ll

85 629 207 707 fuerit,
231 628 273 693 ad
313 627 577 706 satisfactionem,
610 637 642 692 st
678 627 719 692 ad
754 639 877 714 partem
914 630 999 715 regis
1035 627 1193 702 similiter3

87 735 171 823 (lx.)
218 735 350 800 tertium
373 731 584 822 weregildum
608 734 693 818 patri
717 733 785 799 sive
810 733 910 799 tutari
934 734 1070 819 puellae.

504 865 506 870 ’
623 857 658 902 x.

137 941 175 1011 Si
199 955 306 1010 autem
330 944 439 1031 puella
463 944 520 1010 lita
542 944 658 1022 fuerit,
688 942 859 1015 satisfaciat
885 946 915 1010 ei
939 946 1084 1011 similiter
1107 946 1195 1010 solu-

87 1051 178 1115 tione
210 1049 377 1138 weregildi
409 1049 476 1128 sui,
514 1060 547 1115 et
572 1048 700 1114 domino
733 1049 802 1117 eius
834 1050 944 1116 decem
969 1051 1086 1116 solidos
1110 1073 1195 1116 aom-

87 1166 197 1242 ponat.

623 1277 671 1323 xl.

138 1365 175 1432 si
206 1367 338 1433 liberam
368 1365 538 1432 foeminam
571 1375 663 1431 extra
686 1366 887 1432 voluntatem
911 1378 1081 1453 parentum
1107 1368 1193 1445 eius,
1290 1381 1293 1390 ’

88 1472 144 1538 vel
176 1494 287 1538 eorum
319 1472 376 1557 qui
407 1480 599 1558 potestatem
627 1470 696 1535 eius
719 1471 857 1551 habent,
890 1495 1024 1538 uxorem
1048 1473 1195 1551 duxerit,
1282 1528 1292 1548 ,

88 1591 262 1666 componat
284 1579 385 1644 tutori
410 1578 478 1644 eius
502 1576 620 1642 solidos
643 1576 738 1656 XX,
762 1576 796 1640 id
820 1588 869 1643 est
893 1577 1039 1645 denarios
1063 1576 1133 1643 LX
1153 1582 1196 1633 ⁸¹·

605 1701 668 1746 ΧΠ.

138 1786 176 1855 Si
199 1799 306 1856 autem
331 1786 445 1854 nabilis
470 1796 539 1853 erat
562 1787 719 1867 foemina,
745 1786 862 1854 solidos
885 1789 1008 1854 XXX.

605 1911 683 1957 xm.

138 1997 173 2066 Si
204 2000 262 2066 lits
293 1999 409 2078 fuerit,
441 1996 557 2064 solidas
588 1998 627 2063 X
664 1998 793 2063 domino
826 2001 895 2064 eius
927 2001 1110 2087 persolvere
1142 2023 1196 2066 ao-

89 2117 197 2195 gutur.

139 2317 224 2381 Iutae
241 2320 273 2365 8²
313 2315 478 2383 Laubaela'
509 2326 537 2380 et
566 2316 722 2382 Wisaeam
748 2316 883 2400 fluvium
914 2316 985 2379 talis
1007 2329 1050 2381 ast
1072 2339 1196 2382 casuue·

87 2425 183 2488 tudo:

605 2541 680 2588 xtv.

137 2635 178 2700 St
198 2633 310 2698 nobilis
332 2653 384 2696 seu
407 2631 484 2696 libes
506 2630 602 2696 libera
626 2633 658 2695 vi
680 2631 801 2714 aliquid
821 2631 989 2709 abstulerit,
1014 2644 1071 2696 aut
1093 2636 1196 2719 ipsum

88 2753 146 2806 aat
176 2741 265 2804 aliud
294 2737 392 2803 simile
422 2738 455 2800 ia
488 2737 585 2801 losum
616 2738 771 2814 restituat,
803 2749 831 2800 et
853 2734 983 2802 XXIV
1005 2739 1116 2802 solidos
1133 2763 1196 2825 pro

77 2849 168 2935 faeti
197 2847 303 2911 scelere
334 2855 498 2928 componat
515 2847 565 2921 8³,
596 2852 624 2907 et
651 2842 841 2926 wereqildueu
875 2865 963 2906 suam
999 2845 1043 2907 ad
1071 2858 1197 2929 partem

87 2956 172 3040 reaia
196 2963 320 3038 assatur
344 2949 500 3016 absoluere.

615 3072 675 3117 xv.

138 3163 178 3228 Si
208 3174 308 3227 autem
339 3161 463 3239 nobilis,
495 3161 542 3225 vel
572 3159 667 3238 liber,
699 3153 796 3225 a'otttt
825 3162 857 3224 ai
878 3161 999 3244 aliquid
1022 3163 1196 3242 abstulerit,

88 3271 253 3335 medietate
275 3268 392 3330 maiori
417 3253 675 3352 compositiones*
699 3266 829 3350 facinus
860 3277 984 3352 assatur
1017 3271 1195 3348 emendare,

90 3389 121 3442 et
143 3373 339 3461 weeeyilclam
361 3394 466 3450 saum,
489 3383 523 3435 at
545 3372 701 3456 aputu,
727 3373 771 3436 acl
789 3383 915 3457 partem
939 3374 1018 3457 regiis
1042 3374 1185 3439 easolaat.

605 3493 680 3538 xva

139 3587 227 3651 Iater
258 3586 327 3649 litas
358 3583 402 3646 uis
428 3585 537 3670 fasta,
573 3582 732 3645 medietate
757 3583 873 3645 minori
896 3584 1112 3665 compositione
1134 3585 1196 3648 sol·

88 3693 192 3758 venda
216 3703 280 3775 est,·
306 3690 430 3774 iusuper
454 3697 483 3753 et
504 3685 698 3772 uereaildum
720 3709 807 3751 suum
832 3686 876 3749 aab
891 3696 1018 3771 partem
1041 3690 1130 3772 reaia

605 3811 693 3856 xvn.

143 3902 184 3968 st
204 3921 308 3966 servus
331 3901 363 3964 ai
384 3897 502 3982 aliquid
524 3898 663 3977 sustulit,
688 3899 828 3966 domiuus
853 3907 915 3968 eius
936 3921 997 3985 pro
1021 3899 1074 3963 illo
1099 3922 1197 3984 quaa-

88 4015 208 4078 titatem
239 4006 288 4070 eei
308 4003 447 4068 sublatae
478 4015 659 4090 componat,
685 4025 721 4067 aa
743 4004 773 4068 si
794 4007 859 4090 ipse
882 4004 1062 4082 sustulisset,
1088 4019 1116 4070 et
1133 4031 1196 4093 pro

86 4113 250 4198 wereyilclo
273 4112 355 4176 sesai
376 4105 429 4173 IV
453 4109 583 4188 solidos,
614 4109 670 4174 boa
694 4120 736 4174 est
758 4109 900 4174 denarias
928 4106 1025 4186 XII,
1052 4114 1096 4176 acl
1113 4136 1196 4198 pau·

87 4232 149 4285 tem
172 4215 253 4304 reaia
277 4227 440 4299 componat
460 4218 501 4276 ⁸5.
591 4299 600 4308 η
