3020 5174
345 423 392 485 '90
433 375 435 378 Ι
747 425 839 489 Ano.
856 425 941 490 'Sane
979 425 1013 490 ’Τ
1035 446 1047 490 r
1069 446 1100 492 r.
1121 426 1185 492 ΠΙ.

344 629 452 680 norror.
493 621 554 678 Ter.
587 619 663 677 III.
685 619 877 698 Peragropb
900 620 924 679 l.
947 620 1005 679 Poe
1024 632 1088 688 etc..
1107 633 1135 680 et
1157 625 1240 682 rerba
1260 622 1421 686 boo...oonr·

342 719 478 788 ponatur
496 709 600 768 litteris
629 709 795 767 maiusculis
832 711 989 787 impressa,
1021 711 1097 778 tituti
1129 713 1205 770 tertii
1234 713 1421 791 inscriptionem

343 801 483 859 formant.
532 799 593 859 ttici
622 809 718 857 autem
748 801 847 858 omnia
869 819 914 859 me
936 801 1054 867 tollunt,
1074 804 1161 861 rerba
1181 803 1296 860 laudata
1314 813 1372 862 sunt
1389 823 1421 862 ra-

343 889 464 948 fereuda
490 889 527 948 ad
554 889 681 966 capitula
705 889 785 946 tituli
806 889 1113 969 Ιῐ,ηε1αᾱωρίῑιι9ι
1137 892 1205 949 t-7
1226 893 1300 951 tituli
1318 891 1367 957 Iit,
1383 914 1421 952 nc-

338 998 400 1057 vqne
426 980 464 1038 ad
494 981 593 1037 omnia
623 978 700 1036 tituli
731 977 776 1035 ΙΙΙ
806 979 950 1056 capitulae
975 999 1034 1038 non
1053 980 1132 1039 enirn
1152 990 1194 1039 est
1212 983 1288 1059 qnod
1306 981 1423 1047 dubitem.

342 1071 416 1146 quin
446 1088 549 1128 manus
575 1077 606 1126 ct
634 1068 716 1144 pedis
736 1069 869 1132 inuictae.
889 1069 920 1126 in
941 1070 1072 1148 capitalia
1096 1071 1327 1130 1—10ututitt
1347 1071 1423 1130 ttttt.
1480 1077 1481 1100 ³

337 1169 429 1235 atque
457 1160 490 1217 in
517 1157 649 1235 capitulis
678 1157 747 1214 1-7
775 1157 853 1215 titudi
882 1157 926 1216 lii
957 1159 1054 1219 ⁴iddit.
1084 1162 1301 1237 pronunciante,
1319 1171 1422 1240 tompme

343 1267 401 1326 quo
432 1248 548 1307 Additio
568 1249 637 1324 Sap.
656 1248 836 1305 condebatur
855 1248 989 1306 similiter
1007 1249 1065 1306 sim
1082 1250 1284 1327 triplicandam,
1301 1261 1332 1308 ut
1349 1253 1423 1310 mulc-

344 1347 389 1396 tae
416 1337 506 1404 aurio,
534 1337 608 1402 nasi.
627 1337 702 1395 conii
724 1347 789 1400 etc..
808 1337 843 1394 de
863 1338 970 1413 quibus
988 1339 1116 1415 capitula
1136 1341 1285 1416 sequentia
1304 1342 1373 1398 tituli
1390 1341 1421 1398 m
1479 1313 1480 1360 i

339 1429 382 1486 ita
411 1427 583 1504 loquuntur,
610 1435 643 1484 ut
670 1427 792 1502 singulis
821 1427 921 1503 poenis
950 1429 1106 1486 nominatis
1135 1430 1247 1487 addant
1276 1447 1363 1488 recem
1380 1439 1423 1494 ter.

337 1517 466 1595 exempli
496 1517 607 1594 gratiae
635 1525 683 1573 ter
710 1513 767 1594 533}
792 1517 905 1572 solidis
934 1527 1089 1594 comportat
1117 1517 1191 1575 tdd.
1218 1517 1275 1584 ltt,
1291 1519 1319 1578 8.
1354 1519 1422 1579 Nullo
1474 1541 1479 1624 p

340 1607 426 1666 modo
445 1625 576 1664 censeam
596 1604 727 1663 ani-raum
747 1605 833 1662 fuisse
858 1605 1016 1664 Wulemari
1049 1608 1197 1684 sapientis,
1215 1611 1267 1684 qui
1286 1609 1422 1666 additionis
1478 1633 1479 1640 ¹

337 1699 459 1757 titulum
487 1697 516 1754 11
544 1706 572 1754 et
604 1694 732 1772 capitula
765 1695 858 1753 1-58
886 1696 963 1754 tituli
997 1697 1043 1755 tlt
1064 1699 1121 1775 legi
1141 1698 1303 1757 Frisicnum
1322 1699 1422 1761 addidit.

341 1787 437 1848 serbis
457 1791 510 1846 boc
527 1795 625 1843 totum
644 1789 678 1842 in
696 1788 793 1860 triplo
807 1795 1003 1862 componatur
1021 1788 1182 1864 exprimere
1192 1790 1312 1847 mulctas
1322 1789 1387 1847 riuti
1395 1788 1424 1852 tt.

340 1897 401 1936 uon
430 1897 489 1934 esse
521 1874 720 1952 triplicandam,
747 1893 846 1931 omnes
873 1883 969 1933 autern
998 1884 1042 1933 ter
1069 1895 1129 1933 csse
1147 1879 1301 1936 sumendas
1319 1897 1421 1955 quamn
1474 1878 1479 1993 Ι

335 1968 467 2044 capitula
496 1965 572 2024 tituli
601 1964 645 2022 ΙΙΙ
676 1965 850 2022 mentionem
870 1965 991 2030 faciunt,
1010 1987 1068 2042 quo
1087 1967 1261 2033 efficeretur,
1280 1979 1309 2026 at
1329 1968 1421 2025 numeri
1473 1997 1479 2013 ·

341 2059 528 2122 muletarum.
557 2055 663 2131 quibus
683 2053 809 2129 capitula
828 2055 904 2111 tituli
924 2054 970 2112 ΙΙΙ
992 2049 1086 2113 rocem
1109 2067 1158 2115 ter
1176 2059 1327 2122 adiiciunt,
1345 2058 1420 2115 norico
1474 2072 1478 2113 t

334 2155 504 2204 sumantur.
543 2143 587 2201 Ex
617 2161 682 2200 mea
700 2143 841 2199 sententia
861 2145 1029 2201 auctoritate
1050 2148 1202 2204 verborum
1225 2150 1278 2205 boc
1295 2149 1422 2209 toterme'o

334 2240 436 2312 ..triph
463 2235 651 2308 componitur
678 2233 866 2308 triplicandam
893 2243 960 2291 runt
990 2253 1094 2292 manus
1125 2238 1261 2302 mulctae,
1285 2257 1353 2315 quas
1369 2236 1421 2293 titn·

334 2329 385 2386 tus
412 2327 442 2385 ΙΙ
471 2323 623 2403 proponit3
654 2322 809 2380 testiminio
838 2331 935 2381 autern
956 2326 1077 2401 capituti
1102 2326 1112 2381 Ι
1138 2327 1216 2384 tituli
1237 2327 1280 2385 ltt
1296 2348 1345 2402 pes
1362 2345 1421 2384 eom·

333 2424 474 2496 ponatur·
503 2421 539 2472 ert
568 2429 687 2475 mamers,
705 2413 726 2470 i.
747 2431 772 2469 e.
793 2413 901 2470 mulcta
922 2433 1026 2471 mantes
1046 2415 1103 2492 939Ῐ
1124 2417 1281 2474 solidorum
1302 2417 1421 2493 triplicata
1475 2431 1478 2512 p

331 2508 424 2567 ctiam
453 2503 534 2582 pedis
562 2511 613 2560 est.
662 2501 744 2579 Quod
763 2502 865 2559 attinet
884 2504 920 2559 ad
941 2505 1067 2581 capituia
1087 2503 1184 2565 8-78
1205 2509 1281 2565 tituli
1301 2506 1420 2583 libplu
1473 2547 1477 2583 ;

333 2598 413 2656 aima
440 2612 540 2652 eorum
569 2601 681 2655 notant,
705 2609 815 2669 poenas
842 2593 873 2650 in
893 2593 929 2650 iis
949 2595 1111 2652 nominatas
1131 2605 1173 2653 ter
1193 2617 1254 2654 esse
1272 2598 1420 2655 sumendam

339 2684 482 2744 nonnulla
512 2682 631 2739 omnino
661 2681 773 2745 dicunt.
802 2683 923 2740 mutotas
953 2702 1051 2740 eorum
1084 2703 1142 2742 non
1162 2706 1227 2744 csse
1247 2687 1422 2765 triplicandam

333 2777 414 2836 coni.
435 2774 523 2834 rerba
542 2773 660 2850 capituli
681 2772 737 2830 682
758 2776 791 2829 in
810 2775 919 2848 simplo
938 2793 1105 2849 componere
1123 2777 1291 2842 medicetur,
1318 2787 1343 2835 et
1362 2796 1421 2834 cmo·

335 2869 447 2944 positio
466 2867 500 2922 in
518 2865 627 2938 simplo
642 2866 848 2938 persolvatur,
867 2872 894 2920 et
915 2864 946 2920 in
966 2865 1099 2941 capitulis
1119 2865 1157 2924 69
1176 2875 1204 2924 et
1224 2869 1263 2925 70
1281 2871 1313 2926 a'oe
1333 2868 1421 2940 esopo
1478 2927 1479 2935 χ

334 2962 578 3032 cormponanturs
606 2953 664 3009 alia
692 2951 809 3009 tandem
838 2953 913 3010 tituli
944 2955 1195 3031 capitutapoenas
1216 2959 1350 3034 quasdam
1365 2974 1420 3034 pro
1478 2949 1479 2975 ¹

332 3052 462 3126 ponunt,
490 3041 573 3100 nullo
603 3043 690 3100 verbo
710 3043 819 3107 addito,
838 3052 936 3100 utrum
956 3045 1013 3102 siut
1034 3045 1222 3122 triplicandae
1241 3067 1293 3106 nec
1311 3067 1354 3106 ne.
1372 3043 1420 3102 ride

330 3157 400 3212 cap.
421 3133 468 3192 46.
488 3132 536 3190 50.
555 3131 603 3189 59.
626 3130 669 3189 64.
693 3129 740 3191 64.
762 3129 809 3190 75.
830 3131 879 3197 78,
896 3142 928 3190 et
946 3153 1020 3210 quae
1037 3135 1146 3193 ibidem
1168 3137 1314 3202 adnotavi,
1331 3134 1420 3192 confer.

327 3227 422 3285 ctiam
441 3242 504 3305 cap.
526 3217 572 3280 67.

380 3314 410 3350 *ὅ
453 3311 494 3369 lte
520 3308 707 3388 inscriptione
737 3310 813 3368 tituti
843 3311 887 3370 ttt
905 3313 939 3370 in
959 3313 1084 3372 editione
1103 3316 1277 3375 iteroldiana
1298 3315 1357 3374 ride
1374 3320 1419 3370 not.

332 3405 393 3470 'nm
424 3402 574 3461 coniiciam
604 3399 759 3458 tterotdum
791 3402 877 3459 rerba
902 3403 966 3460 eius
999 3404 1060 3464 Tit.
1091 3405 1167 3464 III.
1197 3406 1382 3483 Parogropb
1401 3401 1419 3463 lt

326 3493 488 3554 addidisse.
540 3491 651 3550 Nomen
681 3493 856 3569 paragraphi
888 3493 958 3570 legis
989 3493 1111 3552 Frisicae
1141 3497 1276 3574 capitulio
1303 3493 1419 3574 primitur

328 3587 465 3645 alienum
494 3581 593 3646 fuisse,
621 3581 653 3638 in
684 3589 751 3638 nota
781 3581 799 3638 3
829 3581 864 3638 ad
899 3582 952 3658 leg.
984 3583 1055 3641 Fris.
1088 3583 1115 3648 t.
1137 3585 1161 3644 Ι.
1182 3607 1212 3664 p.
1233 3586 1272 3644 39
1301 3581 1418 3662 exposcit

326 3676 407 3753 quin
436 3683 532 3733 autern
563 3671 664 3729 titulus
694 3671 794 3728 tertius
822 3671 954 3730 editionis
973 3671 1163 3732 flerotdianae
1181 3695 1215 3734 eo
1236 3685 1418 3752 temporeque

326 3763 527 3827 scribebatur,
544 3770 657 3839 partem
676 3761 775 3818 fecerit
796 3761 873 3818 tituli
893 3762 1022 3828 secundi,
1042 3765 1114 3841 quin
1133 3766 1289 3842 inscriptus
1299 3774 1338 3822 est
1351 3761 1419 3821 oom-

328 3856 443 3930 positio
457 3853 629 3916 carinarum,
648 3849 724 3906 nibil
743 3849 930 3908 dubitationis
950 3851 1084 3921 habeam,
1101 3855 1177 3913 conf.
1196 3864 1258 3913 not.
1278 3853 1323 3913 34.
1357 3851 1419 3908 con-

328 3941 459 3998 iecturae
487 3936 647 4016 propositae
679 3955 783 3994 uorum
805 3947 1009 4014 argumentum
1028 3942 1110 3998 estin
1127 3943 1253 4001 editione
1262 3941 1418 4003 Herctdiaoa

327 4030 407 4087 dnos
436 4027 532 4085 titulos
560 4027 710 4104 inscriptos
739 4025 801 4084 Tit.
829 4027 903 4084 III
926 4047 1005 4087 essee
1032 4040 1060 4088 et
1081 4031 1197 4090 titutum
1217 4034 1253 4090 de
1273 4053 1329 4110 quo
1346 4029 1418 4089 rerba

329 4118 454 4177 decimus
483 4135 516 4174 ac
546 4135 632 4192 quem
661 4123 774 4193 partem
806 4117 1022 4176 tituliseoundi
1041 4129 1190 4198 putamus,
1209 4131 1237 4180 et
1257 4122 1367 4182 titulum
1384 4137 1418 4175 se·

324 4214 480 4288 suentem,
509 4204 560 4281 qui
591 4215 632 4264 est
660 4207 815 4284 inscriptus
849 4208 911 4266 Tit.
942 4209 1020 4268 III.
1050 4211 1095 4269 Be
1115 4231 1146 4270 eo
1166 4216 1220 4289 qui
1239 4215 1332 4272 alteri
1348 4213 1417 4268 oium

323 4296 567 4359 ‹coretrmdioecrz'b
617 4295 744 4354 'situlum
774 4297 889 4355 tertium
919 4298 1123 4359 Heroldiauum
1152 4305 1277 4380 priorem
1298 4303 1416 4360 litterae
