3028 5184
495 428 611 492 Iunux
634 430 774 494 Ituuuu.
1132 433 1192 496 139

122 629 147 685 si
176 628 344 705 praecordia
375 625 578 701 (stomachum)
610 626 705 702 gIadio
737 626 858 702 tetigerit
884 627 980 690 XXII,
1000 625 1046 683 ²18.
1068 624 1114 683 54.
1139 625 1188 701 Os.

120 719 247 784 ferrum,
265 718 366 775 telum.

82 826 232 884 grano:
262 809 287 863 si
317 823 475 882 granonem
506 807 671 880 (grenones)
691 806 870 880 praeciderit.
891 804 987 869 XXII,
1019 805 1062 862 17.
1094 805 1184 864 Add.

123 895 167 953 17.
191 896 239 972 Of.
259 895 356 952 crinis.
870 924 879 936 =

81 986 349 1064 grossitudo:
370 986 394 1040 si
415 983 565 1040 brachium
586 1001 621 1038 ex
641 984 821 1057 percussione
841 984 976 1039 decrescit
995 1002 1012 1039 a
1032 1002 1083 1040 sua
1104 1004 1185 1061 gros·

118 1077 245 1133 situdine
265 1075 356 1132 Aac.
376 1072 433 1138 III,
452 1071 499 1130 35.
522 1071 569 1146 Of.
591 1071 706 1129 valuns.
933 1071 935 1074 ’

80 1255 261 1312 Habere:
291 1253 343 1328 qui
373 1271 436 1309 rem
466 1251 632 1327 praestitam
663 1250 766 1306 habuit
797 1251 887 1308 Actu.
909 1250 946 1316 X,
967 1250 1003 1314 2,
1024 1250 1129 1307 habeat
1148 1251 1185 1308 iI·

118 1345 182 1401 lum
202 1344 276 1400 sicut
294 1351 417 1398 caeteros
437 1341 502 1396 Iitos
522 1343 587 1396 snos
606 1345 671 1416 (pro
691 1339 754 1413 luo)
775 1339 828 1404 XI,
852 1340 876 1396 l.
901 1338 948 1415 Of.
968 1340 1122 1416 possidere.
1143 1325 1149 1336 ⁸

80 1433 352 1490 haereditasz
383 1431 407 1486 si
436 1430 502 1504 quis
530 1438 641 1504 patrem
670 1429 816 1493 occiderit,
845 1429 946 1505 perdat
977 1429 1182 1486 haereditatem

119 1531 172 1579 ete.
194 1521 275 1584 XIX,
297 1522 322 1578 I.

81 1614 250 1669 haerese
281 1611 355 1666 duae
384 1617 479 1683 partes
509 1607 686 1683 (weregeldi)
706 1607 742 1663 ad
765 1608 917 1664 haerodem
937 1608 1019 1666 occisi
1040 1607 1183 1684 portinent

121 1701 147 1764 Ι,
169 1700 203 1763 la
223 1701 332 1774 siquis
351 1699 471 1754 fratrem
492 1717 577 1754 suum
599 1697 743 1759 occiderit,
764 1697 855 1754 solvat
874 1717 940 1753 eum
960 1698 1092 1773 proximo
1113 1699 1183 1754 hae-

120 1791 200 1846 redi:
231 1790 292 1846 filio
322 1798 375 1844 etc.
406 1787 493 1851 XIX,
524 1785 562 1848 2,
593 1787 691 1842 haeres
721 1786 829 1861 (occisi)
858 1788 1005 1863 proximus
1035 1788 1181 1843 homicidii

119 1879 354 1955 compositionem
373 1876 498 1934 exsolvat
518 1875 598 1939 XIV,
619 1875 643 1934 6.
679 1874 725 1949 Us.
746 1876 936 1950 propiuquus,
957 1877 1113 1952 proximus.

80 1971 282 2044 harpare=
313 1967 389 2024 Iud.
411 1964 497 2023 Wua
522 1965 577 2029 103
597 1968 636 2039 cs.
658 1966 804 2040 harpator.

81 2062 309 2133 harpatora
340 2056 390 2131 qni
423 2056 615 2130 harpatorern,
645 2055 695 2129 qui
725 2074 791 2111 cum
811 2055 919 2112 circulo
940 2057 1061 2131 harpam
1081 2065 1185 2132 potest,

119 2149 152 2205 in
172 2166 291 2204 manruu
313 2144 484 2222 percusserit
509 2144 580 2201 Iud.
604 2144 689 2200 Wul.
714 2145 756 2201 10.
782 2144 828 2218 Of.
852 2163 965 2204 manus.

81 2236 215 2293 herthe
224 2255 275 2292 mo
284 2255 316 2291 ιιι
338 2237 362 2290 si
373 2233 551 2310 praecordia,
560 2233 589 2288 id
602 2242 644 2289 est
655 2234 836 2298 herthamon,
845 2234 942 2310 gladio
952 2235 1076 2309 tetigerit
1085 2233 1181 2299 XXII,

121 2324 168 2383 48.
184 2324 230 2399 Cs.
243 2323 418 2400 praecordia.

81 2418 99 2471 Ιι
110 2435 128 2470 o
139 2435 167 2471 ιιι
178 2416 188 2469 i
199 2433 214 2470 c
224 2414 233 2468 i
243 2414 262 2469 d
273 2415 282 2468 i
292 2434 310 2470 a
322 2437 328 2470 ι
348 2415 372 2468 si
394 2411 537 2468 homicida
556 2409 715 2486 profugerit
734 2409 914 2490 (profugium
926 2412 1035 2478 fecerit,
1056 2433 1113 2470 non
1135 2416 1182 2471 iu·

120 2504 205 2579 gerit)
229 2502 267 2566 II,
289 2503 314 2559 2.
338 2501 447 2558 7-10:
468 2501 490 2556 si
511 2501 581 2573 (sin)
603 2500 745 2556 homicida
769 2499 846 2555 infra
865 2502 988 2576 patriam
1011 2511 1052 2558 est
1085 2502 1124 2566 11,
1155 2505 1182 2562 3.

122 2593 156 2655 63
180 2594 204 2648 si
228 2593 370 2648 homicida
401 2588 523 2662 defuerit
556 2589 597 2653 ΙΙ,
621 2589 648 2645 5.
671 2588 706 2652 6,
739 2588 761 2644 si
793 2589 937 2646 homicida
967 2591 1122 2664 (interfecti
1151 2595 1183 2650 In

123 2683 209 2739 turba
220 2682 334 2758 populi)
345 2701 402 2737 nou
413 2679 517 2755 poterit
527 2679 652 2735 inueniri
664 2676 743 2740 XVI,
764 2679 775 2732 I
788 2698 796 2741 ι
816 2698 907 2735 ιιιιιιιιι
927 2680 1072 2738 hominem
1093 2681 1184 2739 inter·

120 2771 219 2848 pellet,
239 2770 413 2827 homicidam
433 2786 498 2825 enm
520 2767 643 2842 proximi
664 2767 708 2823 sui
730 2785 831 2824 vocans
852 2768 932 2829 XIV,
944 2767 971 2825 h.
985 2768 1031 2842 Of.
1043 2771 1180 2830 occidere,

81 2863 127 2918 ho
139 2881 166 2916 m
177 2860 185 2914 i
196 2859 360 2915 cidinm:
382 2863 491 2914 crimen
513 2856 658 2912 homicidIi
681 2855 803 2912 obiicere
823 2856 903 2922 XIV,
928 2858 958 2921 Ι,
979 2857 1014 2914 de
1026 2859 1180 2917 homicidio

120 2949 305 3024 interpellare
325 2947 404 3009 XIV,
428 2945 505 3003 1-3.
526 2945 562 3007 53
583 2946 633 3019 qui
655 2945 801 3001 homicidii
821 2947 942 3021 suspecti
961 2947 1018 3004 siut
1039 2947 1118 3012 XIV,
1138 2949 1178 3013 33

120 3039 144 3094 si
175 3038 297 3113 quilibet
318 3038 371 3092 hoc
392 3035 578 3092 homicidium
598 3054 627 3090 se
647 3044 822 3110 perpetrasse
844 3037 989 3112 negaverit
1008 3037 1035 3102 I,
1057 3036 1108 3103 123
1128 3040 1179 3113 qui

119 3126 353 3202 compositionem
374 3125 520 3181 homicidii
540 3123 653 3197 quaerit
672 3124 751 3190 XIV,
771 3124 798 3180 3.
820 3124 856 3188 43
888 3127 1036 3183 homicidii
1066 3146 1181 3204 compo-

120 3217 252 3272 sitionem
283 3215 445 3290 persolvere
475 3213 553 3277 XIV,
576 3213 706 3277 1.3.6;
730 3215 798 3271 haec
818 3224 859 3272 est
879 3216 986 3292 simpla
1017 3219 1181 3294 compositio

120 3305 156 3360 de
177 3303 338 3382 homicidiis
358 3304 383 3361 I.
412 3307 528 3368 Inscr.;
548 3303 583 3358 dc
617 3303 772 3360 homicidio
798 3305 835 3360 ad
867 3321 977 3381 partem
1007 3306 1181 3364 dominicam

119 3412 174 3469 pro
203 3393 285 3448 freda
316 3393 354 3450 30
383 3392 465 3448 solid.
496 3391 575 3456 XIV,
597 3392 619 3448 I.
664 3390 711 3461 Of.
730 3392 897 3455 mordritus,
916 3395 1114 3469 parricidium.

81 3484 217 3539 homor
247 3488 278 3558 α)
300 3482 438 3557 producat
456 3482 614 3544 homiuem,
634 3499 720 3555 quem
749 3482 872 3538 voluerit
891 3481 971 3545 XIV,
989 3482 1023 3547 53
1044 3486 1130 3542 homo
1149 3486 1181 3542 in

118 3590 226 3645 aquam
257 3572 407 3649 prolapsus
436 3571 532 3634 XXII,
561 3571 615 3633 87,
648 3573 732 3627 homo
760 3572 792 3627 in
812 3580 897 3647 caput
916 3590 1065 3645 percussus
1086 3576 1177 3635 Add.

118 3659 175 3724 III,
204 3658 255 3724 223
293 3663 377 3718 homo
406 3660 533 3717 faidosus
563 3661 655 3718 Acce.
685 3659 709 3724 I,
743 3660 773 3718 Ia
796 3661 832 3716 de
851 3660 1028 3724 hominibus,
1046 3664 1097 3737 qui
1117 3665 1179 3721 sine

118 3749 322 3825 compositione
341 3749 432 3806 occidi
451 3757 570 3824 possunt
589 3748 626 3813 V,
647 3752 754 3816 iuscr.,·
775 3753 815 3826 es.
835 3748 872 3813 X,
896 3749 919 3808 l,
938 3749 991 3814 XI,
1011 3749 1038 3808 2.
1060 3751 1139 3817 XIV,
1153 3754 1175 3810 I.

119 3837 147 3895 h.
178 3836 273 3904 XVII,
304 3838 331 3896 2.
361 3838 427 3903 XX,
457 3837 486 3896 2.
517 3838 606 3896 Aac.
632 3837 686 3901 III,
707 3838 754 3894 24.
776 3837 823 3896 68.
844 3838 890 3896 69.
912 3839 949 3896 75
970 3848 1022 3898 etc.
1063 3843 1091 3914 b)
1112 3861 1176 3900 cum

122 3928 154 3983 ll
183 3928 311 3984 eiusdem
341 3926 511 3984 conditionis
531 3926 696 3985 hominibus
715 3928 741 3992 I,
761 3928 790 3988 2.
811 3932 850 4003 cf.
876 3927 928 3993 133
948 3929 1031 3986 alteri
1050 3931 1178 3989 eiusdem

118 4017 290 4074 conditionis
319 4017 429 4074 homini
460 4017 537 4074 Iud.
559 4016 645 4073 Wul.
670 4017 721 4082 103
740 4020 765 4075 si
785 4019 849 4094 quis
870 4020 964 4082 homo,
983 4020 1040 4078 sirc
1060 4022 1178 4088 nobilis,

118 4107 177 4162 sive
205 4107 291 4170 liber,
320 4108 377 4163 sire
406 4106 485 4169 litus,
515 4107 572 4162 sire
602 4106 688 4162 etiam
708 4126 805 4164 sersus
824 4108 850 4173 I,
872 4109 1015 4175 II.'XXI,
1039 4111 1071 4175 Ι,
1093 4113 1178 4168 homo

118 4194 194 4252 liber
225 4195 266 4262 II,
286 4195 314 4254 4.
335 4196 388 4260 XI,
410 4196 434 4254 I.
455 4194 551 4258 XXII,
568 4193 616 4252 82.
638 4195 684 4253 90.
706 4198 797 4258 Acta.
819 4197 874 4264 III,
894 4197 947 4264 71,
967 4201 1053 4257 homo
1073 4202 1178 4258 nobilis

121 4283 162 4348 II,
182 4285 210 4342 6.
230 4285 294 4350 XV,
316 4285 341 4342 I.
362 4285 457 4351 XXII,
477 4285 523 4343 90.
546 4287 635 4342 Acta.
656 4284 713 4351 III,
730 4285 777 4344 58.
798 4288 836 4344 72
856 4298 909 4346 etc.
931 4289 977 4346 Or.
998 4310 1128 4366 persona.
