3098 5176
497 483 568 531 LEX
589 483 797 533 FRISIONUM.
1096 489 1214 541 xxxllr

203 690 251 754 tit.
282 687 383 755 XIV.
408 711 435 754 o.
461 689 481 753 3
506 685 604 778 (Cap.
630 691 650 755 3
675 691 820 757 additum
843 700 892 755 est
914 689 955 755 ad
985 711 1056 778 cap.
1081 693 1099 758 1
1125 704 1157 760 et
1190 699 1209 760 2

106 790 196 860 tituli
227 792 387 861 eiusdem:
419 795 511 862 Haeo
541 795 591 862 lea
624 797 704 864 inter
727 797 893 863 Laaboolri
915 808 941 862 at
963 797 1091 866 Medum
1113 811 1212 867 ensto-

108 902 196 966 dian
227 900 259 988 [i.
291 923 318 966 e.
347 901 381 966 in
411 923 480 987 oap.
515 902 533 964 1
567 922 607 966 en
641 905 660 968 2
686 903 859 990 exposita]:
884 915 1013 968 aeteram
1034 904 1113 971 inter
1135 907 1211 974 Flo-

108 1007 182 1071 hum
218 1015 247 1071 et
281 1007 455 1092 Sinofalom
480 1009 616 1094 fluvium
648 1031 710 1094 pro
742 1009 919 1074 huiusmodi
949 1031 1043 1074 eausa
1074 1009 1146 1077 talis
1169 1025 1212 1080 at

107 1113 289 1177 consuetodo
314 1118 399 1203 ete).

202 1213 279 1281 ibid.
310 1239 338 1280 o.
370 1217 460 1280 4-7
494 1211 590 1302 (Cap.
623 1219 714 1282 4-7
740 1213 851 1285 addita
874 1217 1015 1284 suntad
1039 1241 1107 1305 oap.
1134 1222 1152 1284 1
1179 1232 1212 1287 et

109 1323 130 1386 2
156 1313 243 1386 tituli
266 1319 426 1386 eiusdem:
451 1321 505 1386 De
529 1323 635 1387 eodem
658 1345 691 1387 ro
714 1324 795 1388 inter
818 1317 981 1389 Loabooda‘
1003 1334 1032 1390 et
1054 1325 1211 1393 Waisarom

99 1428 234 1510 flavium
259 1427 330 1491 talis
355 1440 398 1491 est
420 1429 602 1492 cooaeatdo
626 1428 711 1514 stu).

199 1532 250 1596 tit.
281 1529 362 1596 XV.
395 1553 465 1617 cap.
501 1532 590 1595 1-4
624 1529 793 1620 (Capitula
820 1533 910 1598 1-4
934 1531 1114 1622 weregelda
1137 1533 1212 1602 lni-

107 1638 174 1701 siae
209 1637 371 1702 orientalis
406 1648 587 1722 exponunt:
623 1639 669 1702 Et
698 1639 754 1703 too
785 1639 952 1704 inondant
980 1641 1101 1727 repioaa
1125 1639 1158 1727 [i.
1182 1663 1210 1706 e.

106 1743 193 1807 inter
214 1739 383 1807 Laubaohi
407 1752 439 1806 et
464 1741 637 1829 Wisaram]
662 1743 765 1810 taliter
787 1744 962 1808 observatur
985 1737 1071 1829 eto).

202 1847 251 1912 tit.
273 1842 374 1912 XVI.
399 1843 503 1928 (Inter
525 1846 670 1912 Laabooi
692 1860 720 1913 et
741 1843 913 1934 Sinojanm
937 1849 974 1915 de
986 1845 1086 1935 fredo
1109 1852 1195 1937 eto).

201 1953 250 2017 tit.
281 1949 401 2016 XVII.
432 1973 460 2016 o.
495 1951 582 2016 1-5
614 1951 761 2039 (Titulus
792 1952 965 2038 inscriptus
996 1955 1062 2022 His
1093 1955 1213 2021 danaos

109 2071 162 2136 est,
177 2057 228 2120 ins
252 2047 376 2122 Frisiae
400 2051 523 2120 mediae
547 2055 688 2144 exponit,
713 2067 745 2122 et
768 2056 801 2121 in
826 2077 894 2143 cap.
925 2055 947 2120 4
971 2057 1071 2124 verba
1098 2081 1211 2126 ooour-

106 2172 203 2229 runt:
226 2161 309 2226 altro
332 2161 497 2226 Loaboolo'
519 2184 624 2228 otro
648 2165 681 2227 ia
705 2162 823 2248 simplo.
821 2165 852 2247 ).

202 2266 250 2331 tit.
280 2263 409 2331 XVIII
442 2266 510 2350 (De
541 2268 591 2332 die
617 2265 914 2334 dominico...altra
937 2261 1211 2351 Laudaohi...,a'a

108 2373 233 2438 coeteris
256 2371 329 2436 loon
352 2371 473 2436 BIt'sa'as
497 2371 584 2458 eta).

202 2476 250 2542 tit.
274 2472 351 2541 XX
375 2473 520 2561 (Titulus
546 2473 585 2539 de
608 2475 680 2539 iuro
703 2473 827 2541 Frisiae
844 2473 969 2540 mediae
985 2475 1114 2543 additus
1128 2479 1211 2567 est).

203 2582 251 2648 tit.
286 2577 390 2645 XXI.
426 2579 499 2645 add.
535 2578 591 2667 (In
626 2578 689 2646 fine
725 2579 813 2644 tituli
848 2579 959 2646 addita
994 2591 1070 2646 sunt
1093 2582 1211 2649 verba:

107 2687 193 2752 oltra
217 2685 380 2754 Loubnolti
401 2709 505 2750 nero
529 2687 726 2772 werept'ldam
748 2685 930 2772 simplam).

156 2789 228 2859 Sint
250 2789 385 2855 fortasse
410 2790 466 2875 qui
489 2787 650 2868 iudicent,
674 2787 816 2875 capitula
838 2788 891 2853 vel
915 2787 1014 2853 verba
1037 2790 1118 2854 haec
1141 2789 1213 2856 lau·

109 2898 186 2962 data
217 2896 349 2981 reliquis
381 2893 528 2981 capitulis
560 2894 613 2959 vel
646 2890 752 2960 verbis
777 2893 856 2982 legis
880 2891 1080 2972 Frisionum,
1105 2893 1213 2963 Addi-

109 3004 197 3068 tione
222 2999 411 3086 Sapientum
436 2999 583 3078 exclusa,
607 3018 671 3064 non
695 2999 871 3086 posteriore
904 2998 1043 3084 quodam
1067 3009 1211 3087 tempore

109 3127 180 3172 esse
211 3105 388 3192 adscripta,
420 3101 476 3169 sed
507 3103 577 3190 ipso
608 3126 692 3169 anno
724 3126 789 3190 quo
820 3103 874 3168 lex
905 3103 946 3168 sit
973 3115 1143 3192 concepta,
1167 3106 1212 3172 ita

109 3222 148 3278 ut
180 3213 236 3299 qui
267 3213 371 3299 legem
403 3209 604 3276 condiderint
633 3211 772 3297 primum
804 3208 919 3276 litteris
947 3207 1150 3277 mandassent
1173 3212 1213 3279 il·

108 3319 174 3386 lam
207 3329 332 3405 partem
366 3313 446 3404 legis
483 3315 523 3382 de
557 3317 629 3381 iure
664 3311 787 3382 Frisios
826 3313 967 3394 mediae,
1005 3338 1102 3402 quam
1138 3315 1210 3382 dico

109 3423 382 3510 antiquissimam,
411 3432 524 3508 postea
554 3439 650 3502 vero,
681 3443 780 3508 opere
811 3441 869 3485 suo
898 3421 955 3486 vix
977 3420 1085 3502 finito,
1109 3421 1210 3508 ipsam

110 3531 217 3617 legem
250 3529 413 3594 auxissent
444 3525 668 3592 additamentis
699 3523 891 3610 quibusdam
924 3525 965 3590 de
991 3527 1064 3591 iure
1087 3525 1212 3591 Frisiae

109 3633 272 3700 orientalis
303 3644 336 3700 et
366 3632 589 3711 occidentalis,
621 3651 724 3716 aeque
756 3652 793 3695 ao
816 3629 976 3694 nonnullis
1000 3629 1147 3716 capitulis
1172 3628 1212 3694 de

108 3742 183 3806 iure
216 3739 341 3806 Frisios
376 3737 500 3806 mediae
534 3737 568 3802 in
603 3737 675 3826 lege
699 3735 797 3823 paulo
821 3743 915 3800 antea
938 3733 1057 3833 scripta
1080 3735 1211 3801 omissis.

108 3846 185 3934 Ego
220 3867 298 3912 vero
333 3866 446 3911 censeo
481 3845 565 3909 hano
600 3843 789 3909 sententiam
829 3861 898 3908 esse
938 3839 1213 3920 contemnendam.

109 3949 360 4030 Additamenta,
391 3973 475 4037 quae
502 3972 544 4014 ex
567 3949 723 4014 sententia
745 3969 844 4034 quam
868 3947 1131 4033 improbaverim,
1156 3969 1214 4012 an·

110 4057 310 4143 tiquissimae
340 4056 407 4144 legi
438 4052 622 4121 Frisionum
653 4053 752 4141 paulo
782 4062 856 4140 post
886 4061 962 4118 sunt
992 4050 1133 4131 adiecta,
1162 4053 1214 4118 ins

110 4161 276 4228 continent
312 4160 400 4249 qnod
435 4161 480 4227 ita
515 4157 622 4226 differt
657 4158 697 4224 ab
734 4158 805 4225 iure
839 4155 872 4222 in
900 4155 970 4244 lege
994 4158 1214 4243 antiquissima

111 4268 276 4357 exposita,
312 4278 350 4333 ut
388 4266 455 4332 sine
490 4264 591 4332 dubio
625 4264 754 4352 longius
785 4263 936 4349 temporis
968 4263 1106 4349 spatium
1130 4263 1213 4328 inter

1055 4391 1075 4432 e
