3046 5182
320 424 381 487 158
740 422 857 488 lruux
879 423 1020 488 Renum

315 616 498 675 solutior
528 615 682 676 satisfaciat
713 619 740 676 ei
771 618 913 675 solutione
942 616 1087 694 weregildi
1116 619 1162 676 sui
1192 618 1246 684 IX,
1279 619 1331 678 102
1361 627 1414 674 tota

355 705 459 762 solutio
478 704 586 781 (digiti)
604 716 794 784 componatur
813 709 904 766 Ado.
933 707 975 771 Il,
994 707 1022 765 b.
1049 706 1154 772 111,5.
1175 707 1202 764 7.
1228 707 1272 783 01
1294 708 1406 765 solvere.

318 795 435 853 solve
448 813 504 851 rc:
532 799 564 870 o)
585 794 641 874 53}
661 797 766 854 solidos
785 797 876 854 solvet
895 796 921 861 1.
939 795 968 854 ³.
989 795 1018 853 6.
1039 795 1074 860 9;
1094 796 1185 853 sciret
1205 797 1320 854 leudem
1339 795 1418 853 occisi

356 882 438 948 xlv,
466 881 494 941 5.
525 883 565 949 ΙΙ,
595 884 623 942 5.
654 885 691 951 63
724 885 909 962 weregildum
928 904 1013 942 suurn
1033 885 1071 942 ad
1090 894 1201 962 partem
1224 887 1299 962 regis
1317 886 1418 942 solvere

357 981 476 1050 cogatur
495 974 578 1033 XVII
608 975 644 1040 5³
665 976 739 1034 duae
759 985 854 1052 partes
871 975 1083 1051 compositionis
1100 975 1255 1032 solvantur
1275 975 1364 1032 Aac.
1382 973 1419 1037 Il,

358 1065 399 1129 8³
428 1065 470 1122 ibi
499 1064 606 1122 nobilis
632 1066 718 1122 homo
750 1064 824 1142 106}
844 1063 942 1121 solidis
961 1064 1065 1140 simpla
1084 1065 1289 1140 compositione
1307 1063 1420 1121 solvitur

361 1157 453 1215 Adri.
484 1151 543 1217 ΙΙΙ,
573 1152 621 1210 58.
652 1156 690 1227 os.
722 1157 741 1211 1.
762 1153 837 1210 Fris
865 1153 918 1218 IX,
941 1153 993 1218 163
1013 1153 1088 1210 nihil
1107 1156 1174 1225 (uec
1192 1153 1319 1228 aliquid)
1338 1150 1420 1208 solent

361 1245 402 1310 ΙΙ,
430 1243 459 1301 2.
489 1241 517 1300 t.
549 1241 631 1299 6-8.
666 1243 719 1306 lla
747 1243 911 1316 (calmeliat
939 1243 979 1300 ita
997 1242 1156 1306 solvantur,
1174 1251 1263 1319 prout
1282 1241 1420 1298 iucriuta

361 1351 517 1412 possessore
545 1350 644 1388 eorum
674 1333 836 1409 adpretiata
865 1331 919 1396 lv.
937 1331 965 1390 2.
996 1334 1026 1405 b)
1046 1331 1143 1390 Solvet
1161 1332 1283 1389 fratrem
1303 1330 1420 1386 occisum

360 1422 491 1501 proximo
512 1420 629 1477 haeredi
649 1421 729 1485 XIX,
749 1421 787 1485 23
806 1421 896 1478 solvat
917 1439 984 1478 eum
1003 1420 1174 1495 adportent
1194 1421 1272 1498 regis
1291 1418 1370 1481 XIX,
1387 1416 1419 1478 2³

360 1512 452 1569 solvat
482 1510 633 1566 mulierem
664 1510 743 1568 iuxta
773 1511 965 1568 conditionem
996 1529 1079 1566 suam
1102 1509 1190 1567 Add.
1211 1509 1250 1575 V,
1274 1509 1307 1573 lv
1327 1506 1420 1564 nullus

359 1620 427 1658 eum
445 1599 537 1656 solvat
562 1599 646 1655 Acts.
667 1598 706 1663 X,
726 1597 754 1655 2.
777 1598 824 1672 01.
845 1599 1001 1663 exsolvere,
1019 1598 1179 1674 persolvero
1199 1607 1228 1656 et
1247 1612 1419 1673 componere.

321 1690 510 1747 sonitus:
537 1689 647 1746 sonitus
667 1689 735 1744 ossis
757 1689 787 1744 in
807 1698 885 1746 scuto
904 1689 970 1745 iacti
991 1687 1088 1752 XXII,
1106 1689 1153 1745 71.
1176 1687 1226 1761 01.
1246 1707 1288 1745 os.

321 1797 458 1836 sorore
486 1777 575 1834 solvat
595 1796 662 1834 eum
683 1779 718 1850 (i.
739 1796 762 1834 s.
783 1778 904 1835 fratrem
924 1779 1062 1847 monum)
1082 1777 1173 1835 sorori
1191 1797 1263 1835 suae
1282 1773 1362 1837 XIX,
1378 1773 1403 1829 2.

322 1886 430 1926 sors:
462 1867 582 1923 sortium
613 1867 710 1923 missio
729 1866 810 1931 XIV,
829 1865 865 1931 2,
885 1877 975 1924 sortes
994 1867 1107 1923 mittere
1126 1865 1206 1932 XIV,
1230 1867 1264 1930 l,
1286 1882 1371 1921 unam
1390 1862 1421 1916 de

359 1954 484 2012 sortibus
503 1954 603 2011 tollere
622 1953 703 2018 XIV,
726 1954 750 2011 I.

321 2062 423 2119 span
435 2061 501 2101 nas
531 2043 636 2100 vulnus
665 2043 743 2118 quod
768 2063 895 2118 spurinae
914 2043 1126 2120 longitudinem
1146 2041 1253 2101 babeat
1273 2045 1420 2119 (spanuum

362 2132 495 2209 impleat)
513 2131 606 2196 XXII,
628 2130 674 2189 66.
696 2132 744 2189 67.
763 2131 852 2190 Add.
873 2131 927 2196 ΙΙΙ,
946 2132 993 2190 56.
1016 2130 1064 2205 01.
1085 2132 1246 2208 longitudo.

322 2242 337 2279 s
346 2221 521 2296 patinuos
551 2222 674 2295 spatium
699 2221 733 2276 12
751 2221 857 2296 pedum
881 2221 970 2278 Add.
992 2221 1049 2283 ΙΙΙ,
1066 2220 1120 2283 24ς
1140 2223 1267 2297 spatium
1287 2219 1364 2298 quod
1381 2217 1421 2272 iu·

360 2318 405 2366 ter
423 2309 548 2366 indicem
566 2317 595 2366 et
613 2309 746 2385 pollicem
764 2318 807 2366 est
827 2311 918 2367 Add.
937 2310 994 2372 ΙΙΙ.
1012 2309 1062 2368 54.
1083 2309 1133 2384 01.
1150 2311 1312 2388 longitudo.

323 2422 337 2459 s
347 2399 465 2479 pido:
497 2401 620 2474 (emend.
640 2400 789 2476 sipido?)=
810 2401 834 2457 si
855 2401 959 2457 vulnus
978 2401 1137 2458 cicatricem
1156 2402 1322 2478 depressam
1341 2399 1420 2454 duxe-

362 2490 412 2554 rit,
430 2489 509 2564 quod
528 2488 610 2565 spido
630 2488 730 2545 dicunt
750 2490 840 2546 Add.
863 2489 920 2554 ΙΙΙ,
941 2489 989 2548 31.
1013 2489 1060 2563 01.
1080 2490 1196 2549 vulnus.

322 2577 530 2654 spirituas
561 2578 586 2634 si
605 2578 722 2652 spiritus
742 2599 795 2653 per
815 2579 919 2635 vulnus
939 2579 1041 2636 exierit
1059 2578 1153 2642 XXII,
1171 2578 1221 2637 81.
1247 2579 1296 2654 01.
1316 2576 1420 2636 vulnus·

322 2667 465 2745 splene
494 2666 517 2723 si
539 2664 739 2723 membranam
759 2686 818 2741 qua
838 2667 913 2724 iecor
932 2676 961 2724 et
979 2667 1061 2743 splen
1080 2668 1220 2744 pendent,
1240 2661 1420 2726 vulneraverit
1503 2669 1504 2712 t

362 2755 456 2820 XXII,
475 2753 523 2814 50.
547 2754 594 2830 01.
614 2755 772 2813 mithridri.

323 2855 507 2905 stercus:
538 2846 563 2902 si
592 2855 700 2903 stercus
727 2865 780 2922 per
809 2845 914 2904 vulnus
945 2845 1096 2923 (stomachi
1115 2847 1171 2904 ·vel
1195 2846 1308 2922 borelli)
1327 2839 1419 2901 erierit

361 2933 451 2992 Add.
471 2933 529 2999 ΙΙΙ,
548 2933 595 2992 31.
618 2933 665 3008 01.
687 2935 801 2992 vulnus.

324 3024 585 3081 stomachosa
614 3024 639 3081 si
669 3025 848 3081 stomachum
878 3023 1074 3081 vulneraverit
1102 3023 1197 3089 XXII,
1217 3027 1265 3084 511.
1285 3024 1332 3084 55.
1352 3018 1418 3078 led.

364 3111 453 3169 Wul.
475 3113 501 3168 l.
522 3111 550 3170 2.
570 3113 662 3170 Astu.
680 3113 735 3179 ΙΙΙ,
756 3113 804 3170 31.

323 3200 568 3275 attingeres
597 3203 622 3257 si
648 3205 715 3276 quis
740 3203 897 3258 foeminam
918 3221 971 3279 per
990 3203 1150 3262 mamillam
1170 3205 1317 3264 strinxerit
1336 3194 1420 3258 XXII·
1502 3251 1503 3270 ,

362 3287 411 3346 88.
433 3286 481 3362 01.
500 3290 755 3365 comprehendere.
875 3313 877 3318 ’

323 3385 536 3453 stuprums
566 3379 607 3437 Ile
637 3389 737 3458 stupro
767 3379 941 3437 ancillarum
969 3380 1055 3446 XIII,
1084 3384 1176 3440 inser.
1209 3381 1258 3458 01.
1278 3372 1419 3455 farlsgonb

363 3475 560 3544 constuprare.

324 3554 530 3615 subdere:
560 3559 584 3616 si
612 3557 688 3614 liber
707 3558 792 3615 bomo
811 3559 843 3614 in
863 3557 1011 3618 servitium
1031 3558 1077 3614 liti
1096 3576 1127 3616 se
1145 3558 1309 3617 subdiderit
1328 3552 1377 3616 xl.
1396 3549 1417 3605 ¹·

366 3646 414 3718 01.
436 3649 514 3706 litus.

323 3737 610 3813 submergeret
637 3736 746 3812 siquis
766 3735 857 3793 alium
876 3735 909 3794 in
929 3755 1035 3813 aquam
1056 3735 1217 3812 proiecerit,
1249 3739 1289 3794 ita
1310 3741 1340 3791 ut
1357 3727 1420 3786 sub·

364 3831 513 3900 mergatur
530 3824 626 3889 XXII,
645 3823 694 3882 83.
716 3823 763 3898 01.
784 3843 872 3900 aque,

323 3913 580 3971 subtiliare:
610 3913 634 3970 si
665 3914 829 3972 membrum
849 3913 996 3979 decrescit,
1026 3915 1113 3972 etita
1134 3915 1220 3975 inerit
1239 3910 1420 3974 substratum,

365 4009 399 4058 ut
417 4011 469 4061 etc.
492 4003 568 4061 Iud.
591 4001 677 4061 Wul.
697 4003 727 4061 8.
750 4003 797 4077 01.
819 4003 988 4062 decrescere.

349 4089 406 4146 uff
413 4109 524 4150 erres
555 4093 586 4150 in
617 4102 704 4171 caput
737 4111 898 4169 percussus,
917 4103 950 4151 ut
970 4113 1022 4152 uec
1041 4094 1134 4171 frigus
1153 4113 1206 4152 uec
1225 4095 1347 4152 calorem
1365 4077 1418 4140 sssf·

363 4179 441 4236 terre
459 4183 548 4258 possit
566 4183 657 4241 Ades.
678 4182 732 4248 III,
752 4181 799 4240 22.
822 4182 869 4259 01.
888 4193 1046 4262 percutere.

320 4270 609 4346 supercilium
630 4271 654 4328 si
673 4271 858 4348 supercilium
878 4271 1013 4330 inciderit
1029 4273 1204 4349 (praecisum
1223 4252 1415 4344 fuouttffll·
