3020 5174
522 435 592 482 uox
615 431 823 482 musmuuu.
1174 417 1216 482 37

109 641 259 720 nomine,
296 639 383 729 quod
409 652 487 728 pant
510 641 622 707 dicunt
640 645 682 721 66,
707 653 740 707 et
762 641 817 706 ille
841 640 992 706 damnum
1016 629 1145 728 aliquod
1169 639 1215 705 ibi

108 747 322 828 commiserit,
356 747 409 812 ille
445 749 501 835 qui
536 771 610 813 eum
642 748 788 827 sustulit,
819 771 879 835 pro
914 746 1022 813 damni
1058 747 1214 834 qualitate

107 853 266 920 mulctam
291 865 427 944 cogatur
451 854 626 922 exsolvere.

525 1157 555 1222 Τ
579 1157 597 1222 I
621 1157 659 1222 Τ.
683 1157 740 1222 IX
758 1161 800 1220 66.

486 1379 534 1426 oa
559 1377 832 1427 cosmosfflous.

157 1561 219 1628 Vis
237 1569 266 1614 61
294 1576 350 1630 aut
381 1566 504 1631 furtum
536 1567 568 1630 in
602 1563 701 1652 duplo
734 1566 953 1651 componitur,
983 1576 1015 1631 et
1047 1566 1088 1633 ad
1119 1566 1211 1634 freda

100 1668 329 1757 weregildum.

529 1972 785 2038 ΤΙΤ.Χ66.

459 2198 506 2243 oa
530 2198 578 2244 ua
602 2197 797 2244 russeum
816 2183 857 2244 66.

622 2386 694 2447 166.

154 2485 191 2553 Si
224 2488 317 2553 homo
350 2488 403 2552 ulii
435 2510 552 2573 equum
591 2510 684 2552 suum
709 2490 923 2576 praestiterit,
956 2491 1007 2557 vel
1032 2496 1208 2578 quamlibet

101 2595 200 2659 aliam
234 2596 400 2682 pecuniam
419 2599 460 2674 66,
492 2594 585 2660 talem
619 2595 723 2680 qualis
756 2597 785 2662 ei
821 2599 974 2682 praestita
1009 2611 1057 2665 est
1093 2599 1207 2670 reddat

100 2700 233 2766 domino
266 2703 351 2775 eius3
384 2713 416 2766 et
448 2701 473 2765 si
505 2700 588 2765 forte
617 2702 795 2788 peioratunr
821 2701 1014 2784 reddiderit,
1037 2723 1207 2795 componat

100 2809 133 2869 ei
160 2807 249 2869 iuxta
274 2808 503 2892 quantitatem,
526 2829 591 2891 qua
614 2829 682 2871 rem
706 2807 775 2872 eius
800 2807 999 2894 inpcioravit.

611 2930 639 2976 11
657 2915 699 2976 66.

153 3015 278 3098 Quodsi
298 3020 450 3098 caballus,
473 3019 529 3104 qui
554 3019 726 3105 praestitus
750 3030 829 3100 erut,
853 3021 956 3108 ipsum
982 3022 1039 3108 qui
1063 3023 1153 3090 illum
1173 3028 1204 3075 67

102 3123 218 3187 habuit
249 3125 390 3190 calcibus
424 3126 596 3210 percussit,
629 3138 685 3190 aut
716 3125 799 3192 forte
832 3127 965 3207 occidit,
997 3130 1106 3196 nullus
1130 3154 1203 3198 eum

100 3229 216 3294 solvat.

486 3409 804 3428 ...ψ-1.,

516 3531 649 3596 TIT.
673 3531 729 3595 XI
748 3537 789 3594 66.

165 3755 238 3802 noc
262 3756 376 3805 rasus
400 3754 586 3804 LAUBAOHI
611 3753 659 3800 os
683 3749 833 3800 uouoau
857 3753 1079 3804 sauauoauu
1098 3743 1139 3804 69.

153 3943 216 4022 Qui
241 3945 359 4029 fantem
390 3944 557 4028 effreqerit,
589 3952 617 4005 ct
647 3941 691 4003 ibi
721 3939 843 4026 aliquid
879 3943 918 4006 da
952 3946 1049 4010 sacris
1083 3947 1201 4029 tulerit,

96 4050 224 4114 ducitur
264 4053 309 4114 ad
346 4073 434 4114 mare
453 4051 499 4128 7⁰,
524 4059 552 4114 ct
590 4050 623 4110 io
647 4046 773 4123 subulo,
813 4049 895 4130 quod
934 4072 1067 4116 accessus
1105 4059 1203 4121 maris

97 4156 223 4242 operire
246 4157 336 4235 solet,
353 4159 517 4246 findantur
542 4175 631 4218 aures
654 4153 726 4229 eius,
752 4163 779 4216 et
803 4164 958 4219 castrator
978 4157 1018 4235 ⁷¹,
1044 4171 1073 4224 et
1095 4162 1204 4227 immo.

94 4263 185 4326 latur
209 4264 269 4327 diis
289 4265 319 4310 ⁷2
345 4285 475 4347 quorum
499 4260 612 4347 templa
636 4258 762 4322 uiolauit
780 4257 820 4319 76.
