3020 5174
353 415 396 480 ts
711 411 739 476 u
761 429 775 476 1
796 431 827 477 n.
849 411 912 478 111.
956 415 1085 498 §s-s.

397 609 428 646 ⁴⁴
470 610 644 667 Iuotoritate
672 607 865 686 capitulorum
896 606 915 665 5
943 617 970 666 et
999 609 1017 667 6
1046 609 1122 667 tituli
1150 609 1193 669 III
1220 619 1247 668 et
1266 630 1324 688 oap.
1345 614 1356 671 l
1375 618 1429 676 eti

353 697 432 758 tituli
451 697 507 758 xlt
526 699 596 777 legis
616 697 700 763 Fris..
720 695 856 755 dominus
875 697 947 755 serti
968 698 1044 756 iuret
1064 720 1080 754 u
1092 699 1121 759 in
1143 699 1272 776 reliquiis
1289 703 1356 775 (aiu
1374 706 1429 762 roli-

353 787 430 868 quiis
456 793 669 864 sanotomm’')‚
688 790 712 844 si
732 807 777 845 res
796 787 915 866 grandis
935 791 1100 855 erat'‘,uin
1122 792 1287 849 vestimento
1305 813 1352 851 suo
1370 797 1427 870 (nin

353 879 521 938 vestimento
548 879 591 938 rel
619 879 787 956 peonnie‘’),
815 878 839 934 si
868 878 964 935 miuor
982 883 1074 938 eret'.
1114 880 1309 938 loramentum
1328 883 1355 940 in
1373 885 1427 942 reli·

352 968 441 1045 quiin,
457 969 489 1026 in
517 969 609 1028 Frisie
640 966 735 1026 media
764 977 792 1025 et
818 968 952 1026 orientali
972 969 1079 1028 saeculi
1099 969 1169 1028 XIII
1187 980 1215 1028 et
1235 970 1301 1028 xlv
1319 976 1426 1032 mittetis

351 1059 547 1124 nominatum,
575 1059 642 1116 satis
670 1067 714 1116 est
743 1057 900 1135 sognitnm‚
920 1059 996 1118 oonI.
1016 1058 1105 1118 Fries.
1126 1059 1195 1120 wb.
1215 1081 1246 1138 p.
1266 1061 1330 1120 715.
1351 1063 1425 1127 1155.

350 1148 548 1207 iuramentum
572 1149 603 1206 in
625 1148 792 1206 vestimento
811 1157 908 1206 antem
928 1149 1093 1207 illustratur
1111 1149 1223 1227 legibus
1243 1152 1426 1209 recentioribus

350 1237 459 1296 Frisiae
487 1237 610 1302 mediae,
636 1238 668 1294 in
697 1238 803 1312 quibus
822 1237 962 1314 legimuss
981 1241 1094 1316 sooqlt
1113 1241 1148 1296 lsi
1168 1259 1204 1315 op
1224 1249 1254 1297 to
1271 1244 1364 1298 nimen
1380 1242 1426 1297 mit

352 1331 435 1386 einer
462 1330 589 1384 minster
616 1328 785 1385 tandeim
805 1329 950 1384 winetero
968 1347 1060 1404 paro.
1080 1329 1152 1385 ende
1171 1329 1227 1386 der
1246 1349 1282 1404 op
1301 1339 1328 1387 to
1347 1331 1425 1387 lidsen

352 1427 445 1476 tween
466 1418 609 1494 fingeres
631 1419 695 1492 son
724 1418 788 1472 sisse
808 1419 887 1492 sora
915 1415 1112 1482 hendendo
1138 1437 1238 1476 sware
1266 1420 1337 1485 don,
1353 1419 1426 1476 Ilries.

350 1507 405 1583 ttq.
424 1527 454 1585 p.
477 1503 545 1570 399,
565 1504 583 1563 5
604 1506 709 1580 (textus
729 1504 830 1562 veteris
849 1504 982 1562 editionis
1002 1506 1042 1562 ita
1062 1514 1104 1564 est
1122 1507 1319 1566 emendandus
1337 1529 1369 1566 ox
1384 1507 1425 1566 lis.

351 1595 381 1653 S.
412 1613 441 1672 p.
472 1593 542 1671 tue
571 1603 599 1652 et
618 1613 650 1652 eo
678 1595 758 1651 soleii
786 1595 821 1651 lui
842 1597 921 1668 foen
951 1613 1003 1653 oen
1032 1597 1116 1652 eiuro
1141 1615 1222 1673 pora
1242 1599 1425 1658 endeswom.
1480 1615 1481 1630 ¹

350 1683 439 1742 Fries.
477 1684 531 1760 liq.
571 1704 601 1761 p.
633 1682 700 1748 476,
731 1681 778 1740 29.
819 1681 882 1742 Vox
918 1682 991 1742 liris.
1021 1703 1096 1761 pore
1125 1685 1270 1762 signifieat
1299 1686 1425 1744 timbrism

350 1775 434 1832 restis
462 1772 676 1850 (rooksohoo3)‚
706 1772 783 1830 ooni.
813 1772 903 1831 tries.
931 1772 999 1830 Wb.
1031 1792 1096 1850 pag.
1128 1773 1195 1834 μ173.
1237 1776 1425 1834 Celeberrimus

348 1863 372 1922 Ι.
401 1865 526 1929 GrImm,
554 1862 613 1921 lid.
641 1880 709 1939 pag.
741 1860 805 1919 158.
836 1859 906 1927 899.
933 1862 979 1920 his
1008 1862 1110 1919 duetus
1129 1862 1211 1930 loeis,
1231 1885 1297 1924 oum
1316 1865 1425 1924 Siooama

347 1953 386 2011 ed
404 1953 476 2030 legis
496 1952 568 2010 Fris.
588 1953 632 2009 tit.
653 1950 709 2008 XII
729 1950 884 2016 existimat,
903 1951 1100 2010 iuramentum
1120 1955 1153 2011 in
1173 1956 1338 2013 vestimento
1354 1955 1425 2012 fuisse
1478 1953 1479 1966 ¹

347 2044 544 2101 iuramentum
584 2041 623 2098 ite
661 2040 801 2106 iuratum,
833 2049 864 2098 nt
893 2041 1090 2100 iuramentum
1120 2053 1270 2120 praestans
1298 2044 1425 2102 fimbriam

348 2132 432 2191 restis
463 2150 532 2188 suae
562 2129 807 2207 apprehendisset.
846 2129 910 2188 lton
932 2150 997 2189 vero
1029 2132 1149 2190 ilenrico
1179 2134 1274 2212 Siegel
1294 2133 1426 2192 uenuste

348 2219 630 2280 Geriohtsterishren
668 2218 693 2279 1.
722 2239 753 2297 p.
794 2218 852 2278 228
886 2221 1052 2287 assentiam,
1080 2223 1132 2298 qui
1162 2225 1277 2284 notulas
1305 2224 1424 2302 quasdam

346 2310 480 2371 IIerkelii
507 2310 545 2367 ad
574 2310 641 2388 Lug.
672 2309 804 2370 Alaman.
826 2330 855 2387 p.
877 2309 924 2376 34.
944 2330 975 2369 n.
995 2310 1012 2367 t
1033 2320 1060 2368 et
1079 2332 1111 2389 p.
1129 2311 1178 2378 78,
1198 2334 1228 2372 n.
1249 2315 1286 2373 66
1309 2315 1425 2376 afferens.

347 2403 423 2460 hano
435 2399 532 2458 Iaoobi
551 2398 686 2460 Grimmii
707 2399 797 2458 nostri
818 2399 985 2477 opinionem
1005 2399 1107 2460 falsam
1128 2421 1188 2460 esso
1208 2403 1289 2470 dioit.
1306 2413 1332 2462 et
1349 2409 1426 2480 putat,

345 2493 540 2552 iuramentum
561 2489 593 2548 iu
622 2488 789 2548 uestimento
818 2489 979 2567 oppositum
1007 2488 1094 2548 fuisse
1113 2491 1276 2552 iuramento
1295 2495 1325 2554 in
1343 2491 1425 2552 armis.

345 2583 386 2640 ita
414 2589 447 2638 ut
475 2579 548 2636 illud
580 2581 682 2638 iurans
713 2596 773 2635 non
804 2597 898 2643 arma.
926 2578 975 2636 sed
997 2588 1101 2640 uestem
1122 2581 1305 2644 domesticam
1324 2583 1373 2642 sibi
1391 2581 1425 2638 in·
1478 2573 1480 2586 ‘

342 2672 461 2730 sinisset.

387 2761 419 2798 ⁴⁵
460 2760 527 2822 tter.
547 2779 666 2818 seronem
685 2758 730 2816 ad
747 2766 803 2814 out
813 2777 827 2826 ,·
847 2757 1033 2836 Lindenbrog
1053 2779 1108 2821 em.
1129 2770 1186 2820 atet
1204 2782 1323 2824 servum
1341 2762 1387 2820 od.
1479 2771 1480 2776 ’

388 2850 419 2888 ⁴⁸
460 2851 526 2910 Iler.
546 2871 585 2910 ecc
604 2851 717 2908 animet
727 2867 741 2914 ,·
761 2847 947 2926 Lindenbrog
966 2869 1023 2908 em.
1043 2855 1206 2910 exotne'uet.

388 2941 417 2977 ’7
461 2939 602 3018 Quattuor
621 2938 739 3000 solidis,
768 2937 844 2996 oouf.
875 2938 925 3002 IX.
944 2938 971 2996 3.
998 2938 1042 2998 17.
1070 2939 1179 3008 xtffl,
1199 2940 1218 2999 2
1238 2953 1266 3001 et
1285 2943 1310 3008 Ι,
1332 2939 1364 2999 13
1380 2939 1424 3012 leg·

344 3031 417 3090 Fris.

387 3119 417 3156 ⁴⁸
460 3117 594 3195 Capitule
613 3115 633 3174 8
652 3125 678 3172 et
700 3115 718 3174 9
738 3115 779 3174 tit.
802 3114 847 3172 III
876 3115 912 3171 ad
944 3115 1065 3176 Ilsiaiam
1094 3118 1265 3179 orientalem
1293 3113 1425 3178 referende

341 3227 414 3272 esse.
434 3207 532 3266 dosuit
554 3205 597 3264 nit
615 3204 715 3264 dootns
733 3204 833 3262 Wilds
851 3225 882 3282 p.
902 3203 979 3272 4603
1006 3208 1039 3266 in
1059 3206 1151 3266 lirinis
1169 3209 1249 3268 enim
1269 3210 1360 3270 media
1377 3220 1425 3262 non

342 3297 466 3374 simplex
495 3295 545 3354 sed
575 3293 683 3372 duplex
712 3295 756 3351 rei
785 3294 909 3352 furtivae
937 3296 1062 3373 pretium
1092 3297 1302 3358 restituendum
1329 3305 1377 3360 est.
1401 3293 1424 3348 5¹¹

342 3388 435 3447 I'riaia
454 3385 623 3445 oooidentali
642 3393 738 3442 autem
759 3403 819 3442 non
840 3403 971 3444 omanus
989 3385 1063 3444 iuris
1083 3385 1122 3444 60
1140 3387 1240 3448 solidis
1258 3387 1425 3448 redimitur'¹‚

343 3477 408 3537 ride
437 3485 496 3536 not.
524 3474 563 3534 39
589 3474 627 3533 od
656 3475 701 3532 tit.
732 3472 787 3532 III.
817 3474 924 3531 Censeo
943 3474 1069 3554 eapitule
1089 3473 1108 3533 8
1127 3485 1156 3534 et
1176 3475 1195 3534 9
1214 3496 1292 3536 nnno
1310 3474 1363 3535 785
1380 3468 1424 3546 tegi

342 3567 560 3646 antiquissimae
589 3564 688 3622 eddits
707 3583 778 3630 esse.
797 3583 856 3640 qno
875 3562 968 3622 Frisie
987 3563 1135 3623 orientalis
1153 3585 1244 3644 regno
1264 3568 1424 3624 Francorum

341 3667 384 3717 est
414 3657 559 3720 subiectas
590 3673 678 3730 quam
711 3672 803 3710 meam
823 3653 990 3730 opinionem
1022 3653 1176 3714 oonfirmat
1198 3657 1311 3716 bannus
1336 3651 1425 3730 regim·

342 3747 400 3823 legi
419 3743 635 3820 antiquissimae
654 3741 778 3807 alienus,
798 3743 879 3800 ouius
899 3743 1026 3818 oepitula
1046 3746 1226 3804 mentionem
1246 3737 1424 3808 fasinunite

343 3844 403 3894 not.
425 3833 472 3892 50.

386 3922 416 3958 ⁸⁹
458 3920 521 3980 Non
552 3917 677 3978 transire
707 3918 821 3976 silentio
851 3919 936 3978 velim
970 3923 1163 3984 coniecturam
1192 3945 1282 4001 quem
1310 3923 1373 3982 ieoit
1390 3915 1424 3976 nir

341 4011 521 4070 doctissimus
551 4008 652 4068 wilda
681 4028 711 4086 p.
744 4007 817 4076 1033
838 4027 873 4067 er
892 4029 951 4084 qua
969 4011 1089 4089 quidem
1108 4013 1299 4092 weregeldum
1317 4007 1424 4086 simplex

342 4101 387 4162 rel
414 4100 637 4178 multiplicatum
667 4100 727 4176 regi
746 4098 915 4160 solvendum
935 4101 997 4160 loeo
1016 4121 1125 4178 poenae
1146 4105 1277 4181 ospitalis
1295 4103 1328 4161 in
1346 4095 1424 4158 trista

340 4193 493 4253 Induotum
521 4191 632 4255 fnium.
659 4190 724 4250 vide
742 4189 786 4249 tit.
806 4189 845 4256 V,
867 4190 902 4250 ls
920 4195 984 4250 sine
1004 4197 1211 4269 compositione
1223 4201 1322 4271 potest
1340 4184 1424 4248 occidi

338 4287 409 4354 fair.
437 4284 466 4340 si
496 4283 529 4340 ia
558 4281 717 4355 fossaque
736 4280 858 4339 domum
877 4282 1008 4340 alterius
1027 4283 1154 4362 effodere
1173 4292 1312 4347 conetur.
1330 4274 1424 4355 sumi
