3028 5184
316 417 413 482 Ann.
434 417 517 482 Sur.
560 413 589 478 Τ
611 432 624 477 1
646 431 678 482 u.
700 413 763 481 III.
806 422 820 503 §
842 419 979 484 ssu-58.
1151 423 1193 484 97

91 608 216 667 dialecto
242 611 380 669 theotisca
403 612 545 688 superiori
565 611 711 677 usitatam,
731 629 824 689 neque
843 613 965 672 dialecto
985 615 1109 674 clivensi
1129 634 1193 672 sae·

89 699 150 756 culi
168 699 274 757 decimi
292 702 389 776 quinti
407 702 544 766 alienam,
564 701 632 777 quis
651 701 682 756 iu
702 702 778 758 libro
799 703 918 760 Gersrdi
937 723 994 762 ran
1013 705 1065 761 der
1085 704 1195 762 Schue-

90 807 155 853 ren,
167 787 353 847 Teuthonista
363 791 523 854 nominato,
532 790 642 847 formae
653 791 728 848 vocis
741 793 789 848 elo
808 801 836 848 et
856 795 950 850 oluwe
969 801 1098 868 receptae
1117 801 1194 850 sunt.

132 877 164 912 99
207 879 274 936 ller.
295 877 348 934 »X
367 879 493 937 denariis
512 878 714 944 l'resioniois’',
731 881 752 938 i.
772 899 798 938 e.
819 880 853 958 33
875 881 984 946 solidis,
1002 882 1077 939 conf.
1100 882 1194 958 praef.

90 969 111 1027 l.
132 967 205 1025 Fris.
225 986 256 1042 p.
275 965 406 1027 XXXIX.
959 1025 960 1028 ,

133 1055 165 1092 99
209 1056 278 1132 Gap.
299 1053 488 1115 losdunum
509 1065 550 1114 est
569 1075 632 1135 cnp.
653 1057 691 1115 17
712 1059 755 1115 tit.
775 1057 858 1117 XXII
877 1059 898 1117 l.
919 1059 991 1116 Fris.

133 1146 164 1180 ⁹⁷
208 1146 276 1221 Cap.
298 1144 336 1204 46
353 1147 485 1205 additum
505 1160 546 1204 est
566 1166 628 1221 cop.
648 1147 760 1206 76-79
779 1147 821 1204 tit.
842 1147 925 1205 XXII
944 1149 965 1207 l.
985 1148 1058 1206 Fris.
1098 1148 1195 1206 Verba

90 1253 156 1311 cap.
183 1233 222 1292 46
251 1236 294 1294 tit.
321 1237 365 1296 llI
396 1236 465 1294 tdd.
496 1255 556 1292 non
583 1237 880 1300 adnotantmulotam
900 1237 1052 1295 dImidiam
1073 1248 1193 1297 teresse

91 1323 270 1389 solvendam,
300 1343 394 1400 neque
424 1333 522 1381 temen
553 1324 665 1390 dubito,
695 1326 767 1400 quin
799 1326 845 1382 lex
875 1327 928 1382 hoc
957 1327 1095 1394 voluerit,
1125 1327 1194 1403 quia

92 1410 245 1483 »lmembri
274 1415 389 1490 penitus
418 1414 534 1472 abscissi
546 1418 564 1442 ''
598 1415 704 1472 mulcta
734 1435 768 1472 ex
798 1415 862 1471 iure
894 1417 1051 1474 Additionis
1080 1426 1123 1474 ter
1153 1425 1195 1474 est

92 1503 245 1560 sumenda.

10 1657 11 1660 Ἰ
135 1591 167 1624 99
210 1591 275 1648 ller.
296 1611 408 1668 queam
426 1592 540 1652 emend.
561 1613 631 1668 meo.

135 1681 167 1716 99
211 1681 280 1757 Gap.
301 1682 337 1738 47
356 1691 383 1738 et
404 1681 442 1740 48
460 1682 559 1739 addita
577 1691 645 1740 sunt
663 1701 725 1759 cap.
748 1681 784 1740 115
802 1691 830 1738 et
841 1682 879 1740 46
891 1685 932 1742 tit.
944 1683 1025 1742 XXII
1036 1685 1091 1762 leg.
1111 1684 1195 1748 Friss

92 1770 131 1828 cf.
153 1769 209 1834 111,
227 1770 265 1826 59
285 1770 358 1827 ddd.
379 1770 447 1846 Sap.

139 1858 149 1892 ¹
194 1859 258 1917 ller.
279 1859 409 1928 solidis,-
427 1879 484 1916 em.
504 1859 627 1916 solidos.

138 1947 150 1983 ²
193 1947 262 2024 Cap.
283 1947 395 2006 trs-58
413 1948 511 2006 addita
530 1956 597 2004 sunt
616 1965 678 2023 cap.
695 1947 847 2006 66-70et
858 1948 895 2006 75
907 1951 949 2006 tit.
962 1950 1045 2009 XXII
1056 1951 1110 2028 leg.
1122 1951 1194 2009 Fris.

139 2045 151 2076 ³
194 2037 258 2095 ller.
278 2046 338 2094 tres
345 2057 358 2102 ,·
377 2037 492 2095 emend.
514 2041 590 2102 trio,
607 2036 643 2094 cf.
664 2037 757 2103 XXII,
777 2037 852 2096 751.
874 2038 947 2096 Fris.

139 2126 151 2161 9
194 2127 259 2184 tter,
287 2147 347 2184 seno
375 2128 470 2185 sols'do
497 2116 595 2202 copon.
625 2153 659 2165 -·
689 2126 814 2185 Mulotae
842 2127 908 2186 8et
933 2126 967 2185 12
986 2128 1144 2187 solidorum
1164 2130 1197 2186 in

93 2216 231 2294 capitulis
260 2216 298 2273 56
325 2226 354 2273 et
382 2216 418 2273 57
447 2226 695 2282 commemoratae,
724 2226 811 2292 atque
841 2218 1008 2275 anctoritate
1035 2238 1135 2275 eorum
1154 2227 1199 2276 ter

94 2305 267 2370 sumendae,
295 2305 504 2370 demonstrent,
533 2306 652 2362 mulctas
681 2305 768 2362 unius
789 2306 872 2362 solidi
892 2307 924 2362 in
944 2325 1006 2382 cap.
1026 2307 1075 2372 50,
1094 2307 1113 2364 2
1131 2309 1200 2364 soli·

95 2396 202 2454 dorum
223 2397 255 2452 in
275 2413 337 2472 cap.
358 2393 407 2460 51,
427 2405 454 2452 et
474 2394 547 2470 3-6
566 2395 723 2452 solidorum
742 2395 775 2452 in
794 2396 926 2470 capitulis
945 2395 1056 2454 52-55
1069 2405 1198 2461 statntss,

96 2494 141 2541 ter
161 2504 220 2541 esse
240 2485 403 2542 sumendas.

139 2571 153 2606 9
197 2573 293 2631 Smelo
322 2575 375 2630 hoo
404 2574 465 2630 loco
497 2583 612 2632 vocatur
641 2593 769 2648 sponna,
797 2574 817 2632 i.
849 2593 873 2632 e.
894 2574 1047 2650 epithema,
1065 2593 1139 2651 qnae
1158 2583 1200 2632 est

95 2664 176 2722 inter
205 2663 317 2740 pollicis
345 2671 372 2718 et
401 2663 483 2739 digiti
502 2664 606 2721 indicis
625 2662 761 2720 articulos
780 2671 931 2727 extremos,
950 2682 983 2719 ac
1003 2663 1095 2720 dictae
1114 2683 1200 2739 spen·

96 2773 155 2810 nae
185 2753 290 2809 minori
319 2753 475 2829 opponitur
503 2771 616 2830 sponna
644 2753 747 2816 maior,
777 2771 852 2826 quse
879 2762 921 2808 est
949 2752 1024 2807 inter
1042 2752 1154 2827 pollicis
1172 2761 1201 2808 et

97 2841 184 2919 digiti
212 2841 302 2898 medii
329 2839 465 2899 articulos
494 2850 650 2905 extremos3
670 2841 757 2898 huius
776 2839 951 2896 discriminis
970 2840 1081 2897 ratione
1101 2841 1200 2897 habita

98 2951 206 2990 nomen
237 2933 325 2988 smelo
351 2931 536 3006 interpretari
566 2931 650 2986 liceat
679 2948 714 2986 ex
743 2929 830 2986 verbo
860 2931 950 2994 smel,
966 2931 1040 2986 smel
1058 2929 1205 3006 (exiguus,

98 3021 231 3098 pervus),
249 3019 327 3096 quod
347 3038 373 3077 r.
393 3040 423 3096 p.
444 3019 481 3077 96
500 3021 531 3076 in
553 3028 611 3077 not.
631 3017 678 3077 85.

142 3109 155 3144 ⁶
199 3129 215 3162 >›
227 3109 380 3186 Spanne’',
397 3110 473 3167 conf.
494 3118 557 3165 not.
578 3109 590 3165 l
612 3109 649 3165 ad
669 3107 762 3172 XXII,
781 3106 819 3165 66
838 3108 893 3185 leg.
914 3109 985 3167 Fris.

143 3198 155 3232 ⁷
199 3197 338 3274 Capitulis
366 3197 489 3263 49-58,
518 3215 593 3273 quae
621 3197 659 3254 sd
689 3196 810 3254 Frisium
834 3197 956 3254 mediam
976 3198 1132 3276 portinent,
1154 3199 1197 3254 ius

101 3286 211 3346 Frisiae
239 3286 422 3345 occidentalis
451 3287 595 3344 diversum
625 3285 661 3342 de
690 3285 859 3344 vulneribus
888 3287 1038 3344 metiendis
1057 3287 1088 3344 iu
1112 3287 1205 3344 verbis

100 3377 189 3452 opud
202 3419 209 3434 .
222 3417 231 3436 .
242 3417 251 3436 .
261 3379 392 3434 soluitur
411 3375 556 3434 adiectum
575 3383 626 3432 est.

144 3464 156 3499 9
200 3466 374 3523 Auctoritatis
405 3465 558 3523 verborum
589 3464 679 3520 donee
693 3504 739 3523 ...
754 3465 919 3519 tremissem
949 3463 979 3518 iu
1011 3463 1103 3519 Frisia
1131 3465 1206 3520 occi-

102 3553 215 3611 dentali
246 3554 371 3612 vulneris
401 3554 538 3612 metiendi
566 3553 673 3610 mulcta
705 3551 831 3608 maxima
861 3549 917 3628 533,
948 3549 1104 3606 solidorum
1125 3560 1204 3615 erate

102 3644 152 3700 tic
184 3652 281 3700 autem
299 3663 438 3701 uumerus
458 3643 496 3700 sd
516 3642 653 3699 mulctam
674 3640 830 3698 maximnm
851 3639 962 3695 homini
983 3638 1075 3695 libero
1094 3639 1207 3696 solven-

105 3732 174 3790 dam
193 3731 361 3789 referendus
380 3741 433 3796 est,
451 3733 536 3788 homo
557 3731 634 3786 enim
654 3728 760 3786 nobilis
778 3729 811 3784 in
830 3737 912 3804 parte
930 3726 1038 3783 Frisiae
1058 3728 1204 3789 nominata

103 3821 248 3898 duplicem
277 3821 383 3898 recepit
412 3821 548 3878 mulctam
578 3821 691 3877 homini
718 3818 810 3876 libero
837 3815 900 3893 lege
918 3816 1112 3883 constitutam,
1143 3818 1207 3876 ride

104 3929 168 3988 cap.
199 3910 238 3966 72
265 3909 342 3967 tituli
373 3910 418 3969 111
439 3909 531 3975 tdd.;
550 3927 609 3983 quo
627 3909 745 3985 quidem
766 3906 955 3971 efficiebatur,
975 3914 1008 3962 ut
1027 3907 1138 3962 homini
1158 3927 1210 3964 no·

104 4000 159 4058 bili
187 3997 310 4076 2)(531ξ
341 3999 384 4058 vel
420 3997 492 4076 106}
516 3998 600 4055 solidi
619 3996 747 4054 solvendi
766 4005 858 4053 esseut
877 3994 939 4052 loco
958 3993 1014 4072 53}
1041 3994 1210 4062 solidorum,

106 4089 156 4164 qui
186 4107 221 4146 ex
252 4088 377 4165 capitulo
407 4087 445 4146 58
474 4087 552 4144 tituli
582 4085 626 4143 111
656 4084 730 4143 Add.
764 4085 875 4142 homini
895 4084 985 4140 libero
1015 4085 1208 4142 solvebantur.

107 4176 202 4236 Verba
233 4177 351 4253 capituli
375 4176 430 4235 58:
450 4179 494 4234 ibi
513 4178 621 4234 nobilis
640 4177 724 4232 domo
747 4173 820 4251 106}
839 4175 947 4230 solidis
966 4175 1077 4247 se'mplu
1098 4191 1210 4246 compo·

108 4268 213 4324 sitione
243 4269 384 4332 solvitur,
412 4285 445 4322 eo
476 4273 587 4323 testum
620 4264 717 4320 animo
739 4263 794 4337 legi
813 4263 942 4338 apposita
963 4269 1043 4325 sunt,
1065 4270 1095 4316 ut
1114 4262 1210 4335 expri-
