3098 5176
515 411 585 458 Lux
606 409 812 458 nalslouuu.
1083 405 1212 456 xxxvl!

109 616 188 680 tiam
212 615 274 682 viri
298 613 471 680 doctissimi
497 613 608 680 Waita
629 614 794 681 Deutsche
811 614 1213 702 Verfasaungsgesohichte

109 719 233 807 111.p.
261 721 336 784 144.
373 721 457 796 304,
483 719 540 805 qui
564 721 713 806 exponit,
738 721 851 786 ducem
876 721 909 785 in
933 721 1005 807 lege
1028 721 1213 787 Frisiorum

110 825 230 892 XVII.
255 847 281 890 o.
306 827 327 890 2
352 836 385 891 et
410 827 429 890 3
455 825 653 890 nominatum
677 825 865 892 confirmare
881 826 1069 892 sententiam
1085 850 1214 908 eorum,

109 932 168 1018 qui
202 940 318 1018 putent
353 931 456 1020 legem
480 931 631 1016 scriptam
655 953 724 996 esse
748 941 822 996 anto
852 930 1011 998 Karolum
1034 932 1213 1022 Magnum,

108 1059 176 1124 quo
199 1045 356 1125 regnante
379 1034 505 1102 nullum
529 1035 602 1102 vult
623 1034 722 1102 fauisse
745 1037 779 1102 in
802 1035 909 1102 Frisia
924 1036 1048 1106 ducem.
1088 1039 1212 1124 Quam-

109 1142 159 1207 vis
190 1164 241 1206 me
272 1164 335 1206 non
366 1141 586 1230 praeterierit,
616 1141 776 1208 neminem
807 1142 996 1228 scriptorum
1029 1149 1211 1233 aequalium
1283 1159 1285 1164 '

108 1249 195 1312 inter
225 1268 325 1313 annos
358 1246 424 1313 785
449 1257 482 1311 et
506 1247 593 1326 802,
617 1247 651 1311 in
674 1246 780 1313 Frisia
803 1249 996 1315 mentionem
1019 1249 1127 1318 facere
1150 1254 1212 1320 du·

110 1352 156 1418 cis
163 1377 173 1430 3
203 1375 269 1418 non
299 1362 407 1418 tamen
442 1352 628 1432 assentiam,
658 1351 722 1419 hoc
755 1353 882 1418 silentio
913 1353 1123 1442 scriptorum,
1155 1361 1212 1445 qui

109 1458 309 1544 paucissimis
347 1457 454 1523 verbis
495 1457 545 1523 his
586 1456 619 1522 in
659 1458 750 1524 annis
789 1458 830 1524 da
866 1457 971 1524 Frisia
1011 1461 1211 1549 loquuntur,

110 1561 361 1632 demonstratum
401 1585 488 1642 esse,
527 1563 559 1628 in
599 1561 706 1628 Frisia
740 1574 819 1628 tunc
855 1562 970 1632 ducem
1005 1589 1069 1633 non
1104 1569 1213 1638 fuisse.

108 1665 236 1734 Nomen
271 1668 363 1735 duma
398 1666 523 1734 Frisiae
554 1668 724 1754 scriptores
759 1669 880 1734 saeculi
915 1671 992 1736 noni
1014 1671 1133 1760 legenti
1157 1701 1212 1744 oe-

109 1773 211 1840 currit
244 1774 278 1839 in
315 1771 436 1839 (ihren.
470 1773 647 1860 Reginonis
683 1771 725 1837 ad
762 1796 790 1838 a.
828 1774 913 1840 809:
942 1774 1132 1864 &odefridus
1156 1807 1211 1850 rou

108 1879 277 1943 Dacorum
295 1902 357 1965 per
380 1881 531 1964 quosdam
553 1880 754 1964 nepotianum
776 1881 941 1945 mondavit
963 1884 1037 1948 duci
1059 1889 1116 1972 qui
1133 1888 1211 1957 Fre-

107 1985 190 2048 aiom
215 1983 418 2070 providebat,
443 1984 565 2048 audisse
587 2004 634 2063 se,
659 1986 744 2069 quod
766 1985 796 2048 ei
817 1984 854 2071 (i.
878 2007 905 2050 e.
930 1982 1126 2080 Godeirido)
1150 1996 1211 2060 im·

99 2099 233 2178 perator
268 2101 344 2154 esset
378 2090 495 2168 iratus,
526 2111 560 2154 eo
588 2090 725 2172 quadiu
748 2089 918 2156 Abotridas
942 2092 1094 2175 duo-usar,
1118 2097 1211 2166 Mon.

108 2191 153 2260 G.
185 2189 246 2258 SS.
277 2191 304 2258 L
337 2214 369 2279 p.
402 2192 468 2257 565
487 2194 530 2257 4⁷.
584 2191 711 2259 Nomen
741 2193 878 2260 ducatus
901 2194 1026 2264 Frisiae
1048 2205 1210 2288 reperitur

106 2295 151 2363 ad
182 2320 301 2364 annum
334 2298 419 2377 839,
451 2321 516 2384 quo
545 2308 705 2384 tempore,
731 2307 812 2364 teste
835 2299 1016 2368 Prudentio
1039 2304 1209 2392 Trecensi‚

106 2425 184 2490 pars
216 2403 373 2489 quaedam
401 2403 493 2491 regni
516 2402 707 2468 Franconici
731 2402 826 2469 divisi
848 2406 1121 2491 complectebatur
1143 2439 1211 2503 rep·

105 2533 183 2575 uum
214 2509 372 2575 Saronico
403 2531 472 2573 cum
502 2509 638 2574 marchio
668 2510 752 2587 auis,
783 2510 926 2576 ducatum
956 2514 1084 2581 breuno
1113 2542 1209 2608 usqua

106 2614 252 2692 Mosam,
279 2624 337 2677 etc.
370 2611 460 2678 Mon.
492 2610 535 2679 G.
570 2609 632 2678 SS.
656 2610 684 2676 I.
708 2636 739 2700 p.
765 2613 851 2691 4353
876 2613 989 2682 eodem
1011 2619 1106 2687 modo
1130 2624 1210 2715 legi-

106 2741 180 2784 mus
211 2717 245 2785 in
276 2717 467 2783 documento
499 2715 669 2782 Ludowici
699 2718 901 2805 imperatoris
932 2742 1015 2786 anno
1040 2725 1107 2790 839
1133 2751 1210 2796 con-

106 2823 249 2911 scripto:
289 2827 485 2890 concessimus
521 2823 613 2898 idoli
649 2833 753 2887 nortio
797 2821 925 2911 Gerulfo
968 2830 1122 2910 quosdam
1161 2859 1209 2902 eoo

98 2930 309 3016 proprietatis
339 2941 480 3007 nostroe,
511 2949 592 3014 quae
622 2928 700 2993 sitae
730 2940 801 2992 suut
832 2928 866 2992 iu
889 2930 1004 2996 ducatu
1027 2931 1152 3005 Frisios
1175 2944 1210 3008 iu

99 3057 192 3122 papo
224 3029 403 3100 Wuuacta
425 3036 461 3098 ia
483 3032 562 3098 uilia
590 3032 901 3119 Comminpeiundcii
921 3046 949 3100 et
970 3038 1005 3101 iu
1029 3039 1103 3106 aliis
1123 3047 1195 3112 vill·

105 3142 343 3225 circumquaque
376 3161 408 3205 aa
435 3140 568 3225 positia,
601 3137 732 3204 Erhard
765 3137 909 3226 Regesta
944 3140 1094 3211 Westfai.
1123 3149 1152 3217 I.
1175 3177 1208 3244 p,

108 3246 153 3310 11
187 3244 245 3334 (ex
277 3243 390 3332 orig.),
422 3265 561 3329 quocum
589 3243 733 3310 conferas
756 3243 944 3332 Registrum
968 3243 1161 3324 Sarachonis
1193 3265 1209 3347 ᾗ

108 3349 179 3414 743
215 3348 265 3416 ed.
299 3347 403 3416 Falke
439 3347 552 3416 Codex
586 3347 708 3414 Tradit
745 3347 873 3416 Corbei.
907 3351 980 3418 add.
1016 3378 1048 3442 p.
1084 3360 1147 3428 432
1174 3367 1209 3434 in

111 3456 291 3544 Commiupe
324 3458 358 3522 iu
387 3478 474 3544 papo
516 3456 694 3522 Westraolro
728 3457 774 3520 iu
812 3453 1003 3527 Frisiae
1037 3462 1210 3540 ducatu

107 3573 143 3629 et
174 3564 190 3648 §
230 3562 315 3627 744:
346 3562 379 3628 iu
409 3556 557 3628 Huudori
584 3561 619 3624 in
649 3560 754 3626 eodem
778 3580 867 3648 papo
906 3565 1103 3646 Westrooko5
1132 3573 1208 3642 vide

112 3755 257 3774 μ

143 3827 177 3877 47
212 3826 255 3875 Ex
281 3825 372 3875 chron.
397 3821 539 3888 Reginonia
556 3823 636 3872 verba
653 3820 843 3886 descripserant
859 3819 978 3874 Annales
994 3825 1151 3899 Mettensoa;
1168 3838 1208 3888 in.

107 3907 242 3973 cognitum
264 3906 391 3958 habemus
416 3910 562 3964 auctorem,
589 3917 665 3967 quem
689 3901 791 3968 Regino
809 3902 843 3953 ad
861 3918 956 3956 annum
974 3911 1023 3958 809
1040 3920 1143 3965 secutus
1160 3919 1213 3982 sit,

109 3988 143 4039 de
160 3988 227 4040 duce
242 3985 347 4038 Frisiao
363 3985 443 4038 verba
458 3985 569 4047 faciena3
586 3982 864 4036 annumeratam.
882 3986 916 4036 ad
933 4001 1028 4039 annum
1054 3995 1121 4058 809,
1136 3996 1212 4050 Mon,

109 4066 144 4118 G.
169 4065 219 4120 SS.
239 4067 262 4118 1.
283 4083 310 4134 p.
330 4072 377 4118 196
396 4067 487 4118 ducem
504 4065 606 4116 Frisiao
621 4064 692 4115 hand
710 4071 928 4127 commemorant3
945 4081 1029 4131 nequa
1047 4077 1133 4126 tamen
1150 4093 1213 4131 cen·

108 4163 197 4213 seam,
221 4146 385 4214 Reginorum
410 4149 531 4200 abbatam
555 4144 750 4204 Prnmiensem,
775 4159 861 4196 rerum
880 4147 1023 4210 patriarum
1038 4165 1212 4222 pergratum,

109 4230 153 4295 qui
172 4229 242 4281 circa
259 4243 353 4280 annum
370 4233 420 4280 900
437 4226 555 4293 scripsit,
573 4226 665 4278 ducem
682 4224 783 4276 Frisiae
798 4224 912 4275 finxisse.
