3098 5176
332 367 448 424 x'xvnt
770 369 842 424 Lux·
861 369 1065 424 animorum.

335 573 419 648 Fris.
443 605 474 668 p.
498 571 645 658 XXIV,
671 579 782 646 Wilda
806 576 987 648 Strafrecht
1011 603 1042 666 p.
1070 581 1145 658 102,
1169 579 1328 668 Rettberg
1350 573 1440 644 Kir-

336 684 601 774 chengeschichte
625 683 881 764 Dentschlands,
908 683 1086 774 Gttttingen
1114 686 1212 750 1848.
1236 683 1285 750 Π.
1307 708 1340 772 p.
1362 685 1439 750 540

337 804 368 858 et
405 784 513 858 Waltz
551 790 716 856 Deutsche
751 789 1152 880 Verlassnngsgeschichte
1179 787 1250 868 III,
1296 814 1328 878 p.
1355 791 1440 854 147.

336 897 431 963 Hane
465 897 505 962 ob
541 916 669 962 causam
706 918 769 962 non·
804 918 934 983 possum
971 897 1049 981 quin
1076 896 1155 984 legis
1179 895 1270 961 nobis
1293 895 1439 962 traditae

337 1003 577 1089 conceptionem
607 1003 641 1066 in
672 1012 798 1088 tempus
829 1013 902 1089 post
926 1024 1044 1068 annum
1070 1002 1136 1068 785
1161 1002 1352 1068 constituam
1360 1025 1370 1078 ;
1396 1021 1441 1065 ac

335 1109 429 1197 parvi
465 1108 627 1174 aestimem
663 1131 747 1193 qnae
782 1109 854 1192 quis
890 1107 1135 1187 contradixerit,
1166 1109 1289 1191 ratione
1322 1106 1439 1172 habita

336 1213 529 1299 templorum
561 1229 758 1300 paganorum
789 1214 823 1277 in
846 1214 917 1300 lege
942 1223 1269 1294 commemoratorum.
1316 1212 1441 1298 Neque

336 1329 442 1386 tamen
474 1316 587 1398 liceat,
618 1318 720 1405 legem
752 1318 915 1406 assignare
947 1321 1082 1405 tempori
1109 1329 1339 1405 postmortem
1362 1317 1440 1384 Ke-

336 1425 398 1492 roli
433 1423 557 1512 Magni,
605 1424 743 1489 Taceam
782 1421 820 1488 de
855 1425 911 1504 iis,
946 1425 1003 1510 qui
1037 1425 1140 1512 legem
1171 1422 1355 1508 Frisionnm
1379 1421 1441 1489 vel
1521 1475 1522 1506 3

336 1527 515 1595 additiones
546 1530 614 1594 eius
646 1529 772 1594 saeculo
804 1530 973 1612 undecimo
997 1541 1053 1596 aut
1072 1525 1200 1612 'decimo
1223 1530 1318 1599 tertio
1342 1529 1441 1594 attri·
1521 1519 1522 1588 l

336 1635 478 1700 buerunt
495 1638 545 1711 ⁴43
580 1633 658 1700 fines
693 1628 834 1714 Frisiae,
871 1634 927 1721 qui
954 1626 991 1701 in
1022 1635 1104 1722 lege.
1126 1643 1439 1714 commemorantur,
1521 1667 1522 1694 ι

336 1751 483 1806 monetae
515 1739 632 1827 quibus
663 1739 717 1806 lex
749 1741 870 1820 utitur,
901 1763 939 1806 ac
974 1741 1151 1828 permultae
1186 1741 1318 1829 regulae
1352 1741 1440 1806 iuris

338 1869 420 1931 quae
454 1847 488 1911 in
521 1845 633 1910 eadem
664 1845 881 1931 explicantur,
912 1845 1049 1911 Frisiam
1081 1847 1283 1912 saeculorum
1305 1845 1439 1912 illorum

336 1950 550 2037 perscrutanti
581 1971 746 2034 nunquam
769 1949 912 2035 profecto
937 1961 1120 2016 occurrunt.
1174 1950 1351 2038 Reputanti
1375 1971 1440 2032 auf

337 2066 418 2132 tem,
450 2077 491 2118 an
518 2053 602 2119 forte
626 2054 686 2118 sub
710 2053 880 2133 Ludovicp
903 2055 1094 2141 imperatore
1118 2055 1171 2121 vel
1195 2053 1338 2121 eiusdem
1361 2076 1440 2121 suc·

310 2146 313 2150 ¹
338 2158 515 2240 censoribus
544 2170 654 2232 textus
677 2159 757 2246 legis
781 2158 966 2226 Frisiorum
989 2159 1127 2247 scriptus
1152 2161 1210 2241 sit,
1233 2160 1335 2226 multa
1359 2170 1439 2224 sunt

337 2265 506 2350 centraria.
565 2258 724 2352 Tempore
759 2261 814 2330 illo
848 2261 932 2330 bella
966 2266 1092 2332 interna
1127 2288 1263 2355 regnum
1290 2264 1439 2331 Franco·

336 2393 409 2437 rum
446 2369 671 2451 devastarunt,
706 2392 813 2457 neque
847 2381 926 2438 tunc
960 2394 1045 2438 unus
1079 2373 1164 2438 inter
1198 2393 1307 2438 omnes
1334 2369 1438 2435 libros

336 2469 435 2564 legis,
467 2476 524 2560 qui
553 2476 627 2539 iura
657 2475 850 2561 populorum
881 2499 982 2564 regno
1008 2461 1206 2542 Franconico
1231 2475 1437 2542 subditorum

336 2580 517 2658 continent,
552 2578 690 2664 scriptus
729 2590 778 2645 est
812 2580 864 2646 vel
900 2581 1096 2649 emendatus.
1153 2582 1273 2648 Littori
1308 2580 1437 2646 Frisiae

336 2683 536 2751 Nordmanni
569 2683 686 2748 iterum
722 2685 905 2771 iterumque
937 2709 1034 2752 naves
1059 2688 1274 2774 appulerunt,
1299 2687 1437 2772 eiusque

336 2813 437 2880 pagos
469 2789 707 2876 spoliaverunt,
741 2801 773 2856 et
796 2791 860 2857 iam
882 2790 1073 2858 Ludovicus
1096 2793 1271 2880 imperator
1294 2792 1437 2858 nonnul·

328 2890 385 2963 'las
415 2889 540 2960 Frisiae
564 2895 745 2980 provincias
769 2898 904 2962 maiores
927 2899 1125 2985 principibus
1149 2897 1436 2964 Nordmannorum

336 3003 370 3066 ln
393 2999 583 3067 beneficium
608 2999 697 3065 dedit
715 3004 757 3064 4⁵.
804 2999 867 3066 Illo
892 3013 1036 3088 tempore
1059 3005 1146 3069 omni
1169 3004 1309 3082 Primae,
1333 3001 1436 3067 Flan-

338 3106 441 3205 driam
473 3114 506 3196 et
535 3102 655 3168 flumen
679 3103 842 3171 Wisaram
866 3107 1053 3194 attingenti,
1076 3108 1194 3175 librum
1218 3109 1299 3196 legis
1322 3105 1435 3172 condi·

337 3221 408 3276 tum
440 3229 526 3288 esse,
558 3231 623 3272 non
656 3219 704 3274 est
733 3209 821 3296 quod
853 3233 1016 3293 censeam,
1042 3224 1075 3280 et
1099 3214 1295 3305 argumentis
1318 3236 1338 3278 a
1361 3213 1435 3301 lege

336 3324 446 3382 nostre
469 3312 653 3379 Frisionnm
678 3317 813 3402 sumptis
836 3317 899 3383 hoc
923 3319 1103 3384 confirmari
1126 3319 1247 3405 nequit

383 3419 471 3484 Mihi
506 3427 613 3483 antem
648 3430 773 3487 textum
807 3422 889 3512 legis
924 3424 1126 3504 Frisionum,
1158 3447 1256 3512 quem
1279 3432 1352 3511 post
1376 3445 1434 3488 an-

335 3542 413 3591 num
451 3525 516 3590 785
554 3524 709 3612 scriptum
739 3527 968 3610 iudicaverim,
996 3531 1176 3597 accuratius
1198 3530 1433 3618 perscrutanti,

334 3631 487 3720 permulti
516 3624 579 3696 loci
611 3630 753 3700 eiusdem
787 3632 940 3722 disparati
976 3648 1166 3726 emergunt,
1187 3637 1306 3723 quibus
1329 3634 1434 3701 addu-

333 3752 406 3816 cor,
440 3746 479 3800 nt
513 3755 573 3822 pro
607 3745 697 3803 'certo
732 3749 861 3825 putem,
897 3741 977 3831 legis
1012 3753 1119 3830 partes
1156 3766 1221 3809 nno
1254 3741 1433 3828 eodemque

333 3849 477 3928 tempore
507 3854 573 3906 non
604 3863 672 3907 erse
703 3845 857 3911 conditas.
910 3845 963 3912 Ex
993 3871 1065 3917 mea
1089 3849 1247 3914 sententia
1270 3848 1323 3914 lex
1349 3848 1432 3914 anti·

334 4001 479 4026 ..nm

369 4069 404 4176 *it
437 4107 508 4168 Vide
525 4125 602 4183 snpra
618 4127 645 4184 p.
663 4113 741 4172 XIX.
1078 4153 1082 4162 .
1126 4155 1128 4162 .

369 4192 402 4248 rt
438 4189 542 4249 (leniet.
559 4191 708 4251 Dahlmnnn
727 4195 822 4254 essen.
839 4213 890 4254 mn
908 4197 1077 4258 Dt'tnnemark
1092 4206 1115 4258 1.
1131 4218 1156 4270 p.
1178 4205 1220 4254 39.
