3020 5174
721 443 793 491 Lux
813 439 1018 492 salmonum,

711 645 742 712 Τ
765 646 785 714 Ι
809 647 848 713 Τ.
894 645 1045 714 xmus

635 870 684 916 nn
708 867 846 917 smuuo
869 867 1111 918 sncmnsumr.

871 1073 893 1118 1.

373 1161 440 1245 Qui
475 1185 549 1229 cum
584 1159 701 1226 ancilla
735 1158 883 1239 alterius,
915 1181 999 1244 quae
1022 1183 1082 1226 nec
1104 1159 1249 1250 mulgere
1273 1184 1335 1228 uec
1359 1187 1433 1228 mo·
1502 1195 1503 1232 1

324 1271 392 1337 lere
424 1269 522 1348 solet,
558 1289 656 1356 quam
691 1261 881 1353 bortmagad
913 1276 1029 1332 vocant
1045 1271 1088 1354 33,
1132 1268 1320 1334 moechatus
1356 1268 1434 1334 fue-

323 1377 383 1457 rit,
415 1375 589 1442 solidorum
618 1369 694 1437 XII
725 1370 904 1437 mulctaml
941 1370 1069 1439 domino
1093 1373 1176 1437 eius
1198 1385 1336 1461 cogatur
1373 1398 1433 1440 ex-

323 1482 458 1548 solvere.

712 1857 848 1923 TIT.
895 1856 1033 1923 XIV2.

584 2055 633 2102 DE
656 2053 799 2103 Horetum
823 2056 862 2104 IN
886 2057 1005 2106 TURBA
1030 2056 1165 2106 000m0.

868 2235 892 2281 1.

370 2322 406 2392 Si
440 2324 536 2388 homo
571 2322 724 2408 quislibet
759 2323 792 2387 in
828 2319 982 2387 seditione
1010 2344 1048 2388 ac
1071 2325 1167 2390 turba
1189 2328 1303 2414 populi
1328 2328 1431 2396 fuerit

321 2429 527 2509 interfectus,
562 2451 624 2493 nec
659 2426 819 2494 homicida
850 2429 969 2514 poterit
995 2429 1134 2497 inveniri
1157 2445 1291 2521 propter
1314 2438 1430 2502 multi·

321 2536 465 2602 tudinem
501 2557 613 2600 eorum
648 2534 706 2619 qui
741 2530 892 2612 aderant,
924 2533 999 2599 licet
1027 2536 1056 2601 ei
1081 2537 1137 2622 qui
1162 2541 1428 2626 compositionem

321 2642 422 2729 ipsius
455 2661 611 2726 quaerere
646 2637 735 2717 vult,
765 2631 812 2703 'de
848 2637 1019 2705 homicidio
1055 2665 1159 2728 usque
1190 2643 1232 2709 ad
1266 2655 1426 2736 septem³

321 2747 466 2815 homines
488 2744 702 2833 interpellare,
727 2754 759 2810 et
782 2743 958 2830 unicuique
981 2767 1093 2812 eorum
1117 2750 1236 2815 crimen
1259 2752 1427 2820 homicidii

321 2855 477 2932 obiicere,
501 2861 534 2917 et
558 2849 653 2916 debet
676 2851 900 2936 uuusquisque
924 2873 1036 2917 eorum
1059 2875 1118 2919 sue
1142 2853 1332 2925 duodecima
1355 2883 1426 2926 ma-

322 2983 367 3030 uu
399 2958 516 3025 obiecti
539 2956 679 3022 criminis
710 2978 745 3021 se
772 2956 944 3042 purificare
976 2971 1183 3027 sacramento.
1231 2962 1326 3030 Tunc
1362 2965 1426 3030 du·

322 3062 416 3130 cendi
440 3071 516 3128 sunt
538 3060 581 3127 ad
604 3061 775 3139 basilicam,
791 3074 824 3128 et
840 3072 939 3127 sortes
957 3085 1055 3150 super
1071 3066 1173 3134 altare
1189 3069 1364 3136 mittendae
1383 3074 1426 3151 3‘,

322 3170 376 3235 vel
412 3168 439 3233 si
478 3167 569 3231 iuxta
604 3166 770 3232 ecclesiam
807 3166 878 3236 fieri
913 3188 978 3234 uon
1013 3173 1171 3255 potuerit,
1212 3197 1309 3263 super
1350 3176 1426 3242 reli-

322 3277 415 3363 quias
455 3281 648 3338 sanctorum.
707 3268 959 3352 Quaeremus*
993 3274 1072 3341 tales
1095 3301 1165 3344 esse
1189 3279 1324 3347 debent:
1358 3281 1426 3348 duo

321 3382 408 3449 tuli⁵
442 3378 483 3444 de
503 3378 612 3465 ,virga
643 3376 778 3464 praecisi
803 3383 828 3458 ⁶,
847 3399 928 3464 quos
963 3384 1084 3447 tenos⁷
1117 3397 1250 3467 vocant,
1282 3369 1426 3474 duorum

322 3509 408 3553 uuus
447 3484 538 3573 signo
578 3482 683 3552 crucis
718 3483 883 3550 innotatur
901 3490 933 3566 ⁸,
974 3485 1057 3552 alius
1095 3512 1198 3576 purus
1234 3492 1426 3574 dimittitur,
1505 3537 1506 3548 ,

322 3604 355 3661 et
390 3593 464 3660 lana
498 3588 618 3657 munda
653 3590 800 3656 obvoluti
828 3613 926 3678 super
956 3593 1058 3660 altare
1082 3617 1138 3662 seu
1173 3599 1326 3684 reliquias
1350 3602 1426 3666 mit-

321 3709 453 3774 tuntur3
489 3705 523 3761 et
558 3696 727 3782 presbyter
759 3696 783 3760 si
813 3696 970 3779 adfuerit,
1006 3699 1058 3765 vel
1082 3702 1109 3766 si
1132 3705 1302 3792 presbyter
1333 3705 1427 3774 deest

322 3826 406 3889 puer
444 3799 580 3885 quilibet
616 3801 784 3880 innocens,
820 3823 922 3867 unum
959 3801 999 3867 de
1033 3806 1110 3893 ipsis
1142 3809 1281 3876 sortibus
1314 3809 1354 3878 de
1379 3811 1426 3878 al-

273 3963 276 3971 .
323 3909 386 3974 teri
421 3904 535 3970 tollere
572 3903 686 3981 debet;
716 3914 748 3970 et
783 3906 912 3972 interim
948 3907 1039 3975 Dens
1078 3915 1278 3996 exorandus,
1314 3918 1340 3982 si
1378 3918 1426 3984 illi

324 4022 465 4099 septem,
495 4010 551 4096 qni
587 4009 628 4075 de
663 4009 833 4077 homicidio
870 4016 1036 4082 commisso
1072 4018 1279 4101 iuraverunt,
1308 4047 1426 4090 verum

323 4120 499 4196 iurassent,
535 4114 676 4182 evidenti
713 4118 804 4208 signo
843 4119 999 4187 ostendet.
1045 4120 1080 4189 Si
1111 4125 1204 4194 illum
1235 4129 1291 4214 qni
1328 4151 1427 4196 cruce

322 4225 468 4313 signatus
491 4233 540 4288 est
564 4221 747 4304 sustulerit,
778 4223 964 4294 innocentes
987 4239 1099 4311 erunt,
1131 4233 1188 4318 qui
1216 4234 1408 4303 iuraverunt
1415 4261 1427 4313 ;
