3098 5176
507 427 578 472 unx
598 425 804 494 nnrsronuu.
1184 424 1224 470 XI

122 630 275 697 Vlieland
305 628 347 694 ad
369 627 505 693 insulam
529 628 651 695 Texele
675 628 864 716 pertinebat,
887 635 1025 691 testante
1049 624 1223 711 diplomate

122 736 198 800 anni
233 735 323 799 1314
353 731 503 812 laudato,
534 743 620 798 terra
651 733 772 799 Texele
803 733 864 797 sita
895 741 964 796 erat
990 730 1075 795 inter
1098 728 1225 794 Mares·

122 839 197 925 disp
230 849 262 904 et
293 837 361 917 Fli,
395 861 460 924 quo
491 836 647 923 probatur
678 861 787 904 errare
819 838 876 922 qui
900 844 1065 914 censeant,
1088 834 1224 899 fiuvium

121 944 263 1010 Flevum
295 955 373 1008 tunc
405 941 575 1008 defluxisse
606 966 665 1029 per
696 943 900 1029 Maresdiep,
931 943 1036 1006 sinum
1065 938 1226 1026 quendam

122 1050 220 1113 maris
244 1071 344 1134 prope
368 1046 495 1112 Helder
518 1047 623 1112 situm.

171 1153 331 1240 Tempore
363 1153 444 1241 legis
476 1152 660 1218 Frisionum
690 1152 809 1218 fluvius
839 1151 892 1217 Fli
916 1151 997 1239 (qno
1022 1151 1165 1228 nomine,
1190 1158 1228 1213 ut

123 1259 299 1346 explicavi,
334 1257 439 1323 medio
475 1280 555 1323 aevo
590 1281 654 1323 non
690 1257 780 1323 lacus
815 1256 1003 1343 Znyderzse
1027 1254 1228 1332 declaratur,

126 1362 184 1430 sed
228 1376 351 1428 meatus
384 1361 526 1427 eiusdem
567 1362 599 1427 in
635 1385 724 1427 mare
763 1361 1027 1449 septentrionale)
1067 1359 1230 1447 separavit

123 1467 262 1534 Frisiam
297 1465 526 1532 occidentalem
561 1476 593 1532 et
628 1468 831 1543 orientalem3
867 1465 941 1531 vide
977 1464 1118 1550 capitula
1146 1463 1228 1552 legis

124 1597 157 1660 p.
182 1573 220 1637 X
255 1572 386 1637 laudata
406 1576 446 1634 ¹⁵.
502 1569 600 1636 Anno
627 1573 692 1638 782
719 1597 752 1659 p.
769 1571 934 1638 Christum
959 1571 1122 1635 Frisiones
1145 1569 1229 1634 oeci-

125 1677 270 1744 dentales
293 1699 356 1741 non
382 1687 472 1740 erant
496 1677 571 1741 socii
595 1675 792 1742 Widukindi
815 1676 906 1742 ducis
927 1674 1102 1753 Saxonum,
1118 1687 1229 1740 contra

125 1781 287 1848 Karolum
318 1804 428 1868 regem
457 1804 515 1867 pro
540 1781 600 1846 diis
624 1782 736 1868 patriis
760 1792 794 1846 et
816 1781 964 1847 libertate
989 1782 1121 1866 antiqua
1145 1803 1230 1868 pug-

126 1888 249 1964 nantis3
289 1885 452 1951 Frisiones
498 1887 530 1950 in
572 1897 664 1971 parte
704 1886 851 1951 orientali
890 1884 985 1951 Flevi
1025 1885 1171 1950 sedentes
1211 1906 1229 1948 e

127 1992 288 2058 contrario
323 2000 402 2056 tnnc
436 1990 521 2056 bello
557 1989 722 2056 Saxonum
758 1991 993 2068 interfuerunt,
1029 1989 1230 2055 Francorum

127 2097 307 2184 praefectos
339 2119 379 2160 ex
411 2105 498 2160 terra
527 2097 740 2183 expulerunt,
765 2119 802 2160 ac
826 2094 1048 2160 Widukindus
1072 2093 1169 2173 Saxo,
1194 2104 1232 2159 ut

128 2211 356 2267 commemoret
391 2200 553 2265 Altfridus
588 2201 620 2265 in
653 2200 733 2266 Vite
764 2200 940 2289 Liudgeri:
972 2223 1066 2288 usque
1090 2203 1134 2264 cd
1156 2191 1232 2266 Fleo

118 2308 255 2393 flaviam
281 2307 360 2392 feeit
392 2299 547 2371 Fresioeea
588 2305 700 2370 Christi
723 2309 825 2394 fidem
859 2307 1038 2390 relinquere.
1073 2343 1119 2355 —
1155 2303 1233 2371 Sae-

129 2410 203 2477 culo
235 2410 330 2475 tertio
362 2408 485 2474 decimo
518 2408 680 2475 Frisiones
709 2407 923 2476 occidentales
946 2433 1010 2474 non
1035 2420 1235 2475 accesserant

131 2517 164 2581 in
200 2515 313 2580 foedus
349 2514 431 2579 illud
467 2515 652 2580 Frisionum
688 2516 772 2581 inter
795 2515 847 2581 Fli
873 2525 904 2580 et
937 2513 1119 2593 Wisaram,
1148 2512 1235 2599 quod

130 2622 226 2709 plura
261 2618 404 2685 condidit
439 2631 576 2699 statuta,
613 2643 752 2706 quorum
788 2620 1043 2708 antiquissimum
1074 2666 1093 2699 „
1108 2630 1236 2706 septen-

132 2725 234 2791 decim
259 2725 445 2814 petitiones''
468 2725 666 2791 nominatum
690 2728 855 2791 constituit
878 2725 1059 2791 foederatos
1083 2748 1146 2789 non
1167 2747 1236 2791 esse

130 2840 257 2896 coactos
282 2831 482 2909 „exercitum
514 2829 633 2894 ducere
657 2831 874 2896 ulterius
910 2851 1082 2896 versus
1118 2830 1235 2896 occi·

132 2935 317 3001 dentem
356 2958 489 3021 quam
525 2957 675 3021 usque
711 2934 814 3001 Fli”.

180 3146 213 3234 c)
249 3144 510 3211 Laubachi.
565 3145 723 3212 Fluminis
759 3146 927 3213 Lenbachi
963 3148 1153 3214 mentionem
1189 3148 1238 3214 fa·

132 3252 224 3316 ciunt
247 3251 282 3316 hi
304 3250 386 3315 loci:

180 3355 254 3420 Lex
285 3355 468 3421 Frisionum
497 3355 607 3437 XIV,
637 3360 656 3421 2
683 3369 716 3423 et
739 3357 828 3424 Add.
851 3357 925 3437 III,
952 3362 1016 3424 78:
1040 3362 1118 3425 inter
1145 3360 1236 3426 Lau·

134 3463 226 3527 beelei
255 3484 292 3525 ce
322 3457 450 3526 filetum
457 3486 467 3539 3
502 3461 577 3527 ibid.
614 3462 685 3544 IV,
719 3465 749 3530 4.
782 3463 891 3544 XVI,
931 3467 967 3529 l:
996 3468 1074 3530 inter
1096 3465 1240 3531 Lechaei

131 3748 225 3800 tissimi
242 3750 358 3800 Eekhoff
373 3747 558 3800 Goschicdenis
575 3751 621 3801 der
637 3751 796 3802 Middelzec.
811 3751 989 3804 Leenwarden
1010 3758 1076 3804 18³4
1091 3762 1117 3806 et
1134 3755 1238 3808 Ottsmc

131 3829 157 3878 in
184 3827 227 3878 De
244 3829 316 3892 Vrije
334 3829 415 3880 Fries.
440 3834 502 3878 last
521 3831 570 3880 1v.
589 3847 615 3895 p.
636 3836 768 3881 lot-214
787 3839 813 3881 ct
830 3832 856 3881 in
882 3832 936 3882 Het
952 3833 1026 3884 Mecr
1043 3833 1135 3886 Flavo.
1151 3837 1237 3889 Leon-

130 3909 233 3958 wardan
254 3914 333 3969 1854,
353 3908 385 3959 de
402 3909 452 3958 hac
469 3924 497 3958 rc
516 3911 732 3975 disputaverunt,
751 3913 803 3962 alio
822 3913 882 3962 loeo
900 3914 1026 3963 refellam.

169 3993 197 4037 1⁵
233 3989 325 4038 Plures
350 3990 489 4053 scriptores
516 3992 672 4041 recentiores
696 3999 788 4057 putant
805 3993 913 4043 fluvium
929 3993 1042 4056 iselam,
1059 4009 1141 4058 prope
1158 3997 1239 4049 Kam-

129 4081 181 4132 psn
198 4068 225 4116 in
242 4069 328 4117 lacum
345 4069 493 4132 Zuyderzee
512 4070 683 4132 defluentem,
703 4073 790 4122 medio
808 4087 872 4123 asro
894 4086 989 4122 nomen
1006 4073 1049 4122 Fli
1066 4074 1190 4128 habuisse
1207 4093 1239 4128 ac

129 4147 265 4197 Frisiones
288 4149 463 4198 occidentales
490 4156 516 4199 et
543 4151 682 4202 orientales
709 4165 857 4216 separasse,
874 4153 935 4202 vide
951 4151 1024 4202 verbi
1041 4155 1142 4216 gratim
1159 4155 1239 4209 Zeuss

132 4225 190 4276 Dic
218 4226 244 4276 D
287 4229 361 4278 chen
388 4244 415 4293 p.
444 4229 499 4278 137.
535 4229 622 4281 Waite
645 4229 682 4284 D.
699 4231 814 4283 Veritas.
832 4231 865 4282 G.
884 4231 933 4282 111.
950 4247 976 4295 p.
998 4236 1053 4281 108.
1088 4233 1187 4288 Stobbe
1205 4243 1240 4296 D.
