3028 5184
319 419 379 483 108
544 417 639 482 Anu.
661 415 743 482 San.
784 411 1201 482 T1e.1v-'.t1o.v.

314 613 415 670 addet
446 612 473 668 oi
502 613 684 668 consimilem
704 620 733 668 et
751 609 786 666 12
807 609 925 666 solidos.
965 609 993 668 2.
1015 609 1098 667 Haeo
1118 612 1213 666 munis
1235 615 1418 684 compositio.

313 721 405 777 peram
425 702 502 757 viria
521 700 984 774 ieeda'oooimacaseminiaeorsum
1004 698 1170 773 dupliciter
1188 708 1417 773 componantur,

314 789 391 846 Mon.
423 789 455 847 (t.
488 787 546 846 LL.
577 787 632 850 111.
662 809 693 866 p.
728 787 793 853 157,
818 797 847 844 et
865 789 952 844 verba
973 788 1074 844 eadem
1093 787 1231 864 leguntur
1250 789 1283 843 in
1304 787 1417 865 legibus

313 878 406 936 Alam.
441 877 582 934 illotharii
608 887 636 934 et
665 877 810 934 Lantiridi
831 875 884 934 l.l.
906 895 937 952 p.
958 874 996 933 68
1014 885 1042 932 et
1065 875 1128 934 109.
1169 876 1258 933 Tituli
1278 875 1353 937 lllb.
1373 876 1417 934 IV
1505 925 1506 958 ,

312 977 340 1024 et
370 967 396 1025 V
425 966 586 1024 Additionis
613 968 669 1042 leg.
698 965 771 1026 Fris.
801 967 899 1042 scripti
929 985 988 1022 esse
1021 965 1153 1022 videntur
1185 966 1296 1023 ratione
1315 965 1416 1023 habita

313 1056 477 1118 verborum.
506 1074 579 1130 quae
607 1074 642 1112 ex
671 1055 900 1112 Alamannorum
928 1054 990 1130 lege
1010 1054 1115 1118 attuli.
1134 1073 1194 1111 non
1216 1074 1284 1112 vero
1303 1057 1417 1119 dubito,
1505 1093 1506 1100 .

313 1147 386 1222 quin
415 1145 492 1202 tituli
522 1144 683 1201 Additionis
713 1145 751 1202 ad
782 1144 902 1201 Frisianr
933 1144 1073 1201 attineant
1102 1153 1129 1201 et
1149 1163 1180 1201 re
1199 1163 1269 1202 uera
1288 1145 1345 1202 sint
1363 1165 1416 1223 ge-
1505 1149 1506 1198 l

312 1237 415 1299 nuina.
445 1253 519 1310 quae
549 1234 647 1310 opinio
677 1253 741 1291 mea
768 1233 871 1290 residet
902 1232 933 1289 in
953 1233 1017 1290 iure
1037 1232 1197 1298 titulorum,
1225 1234 1303 1308 qnod
1332 1235 1415 1292 nullo
1505 1233 1506 1306 ξ

313 1325 398 1382 modo
417 1343 452 1381 ex
471 1324 533 1400 lege
553 1323 781 1381 Alamannorum
803 1323 977 1398 descriptum
997 1332 1048 1380 est.

355 1414 385 1450 ⁴⁹
428 1412 464 1470 In
495 1413 579 1470 titulo
610 1412 652 1472 lv
680 1413 840 1469 additionis
860 1421 990 1478 sanetum
1010 1421 1062 1476 est,
1081 1422 1114 1470 ut
1135 1411 1213 1487 aqui
1232 1413 1357 1468 alterum
1377 1412 1414 1468 de

310 1504 423 1562 saballo
452 1503 632 1566 iactaverit”‚
662 1502 787 1558 solidum
816 1501 971 1558 dimidium
1000 1502 1102 1567 solvat,
1135 1521 1192 1577 qua
1211 1521 1304 1578 poena
1324 1502 1413 1559 etiam

312 1593 497 1652 muletandus
529 1592 575 1656 sit,
606 1591 684 1666 oqui
713 1591 837 1648 alterum
869 1609 934 1646 oum
958 1591 1032 1648 fuste
1050 1591 1264 1668 percussisset''.
1305 1590 1414 1648 Malata

310 1683 394 1741 solidi
424 1681 548 1745 dimidii.
580 1682 633 1737 hoo
664 1681 694 1736 in
721 1681 783 1737 looo
809 1689 1042 1746 oommemorata‚
1070 1681 1238 1737 auctoritate
1258 1680 1413 1756 capitoliis

309 1773 387 1831 tituli
417 1769 497 1829 XXII
526 1770 598 1847 legis
624 1770 697 1830 Fris.
727 1771 908 1834 solvebatura
940 1770 1021 1826 onius
1053 1772 1159 1828 verba:
1181 1773 1209 1826 si
1227 1773 1296 1845 quis
1313 1773 1413 1828 alitem

309 1865 357 1919 ita
376 1861 570 1936 percusserit,
592 1859 673 1934 qnod
690 1859 829 1934 durslepi
846 1866 963 1923 vocant,
983 1858 1152 1915 dimidiam
1179 1859 1310 1916 solidum
1336 1878 1413 1916 eorn-

305 1960 413 2030 ponot,
442 1948 568 2025 capitulo
598 1946 636 2004 42
666 1948 743 2004 tituli
765 1947 826 2004 IIIa
857 1947 1017 2005 additionis
1036 1947 1231 2010 illustrantur.
1250 1947 1328 2023 quod
1345 1965 1413 2004 oon-

309 2041 414 2103 stituit.
441 2047 471 2094 nt
501 2037 580 2113 »qui
611 2036 702 2092 alium
731 2037 805 2092 fuste
825 2037 866 2093 ita
888 2036 1075 2113 pereusserit‚
1094 2045 1126 2093 ut
1144 2036 1268 2094 lividum
1286 2035 1349 2100 fiat,
1368 2045 1412 2093 ter
1504 2087 1505 2102 ,

310 2130 435 2187 solidum
467 2136 495 2183 et
526 2126 670 2182 semissem
701 2132 885 2201 oomponat''.
932 2125 1041 2182 Mulota
1070 2125 1166 2182 delioti
1193 2126 1272 2182 citati
1290 2126 1411 2201 antiqua

309 2220 341 2275 in
368 2215 451 2274 titulo
481 2214 523 2273 IV
553 2213 714 2271 additionis
742 2233 801 2270 non
834 2223 876 2271 ter
903 2223 1018 2290 sumpta
1048 2223 1099 2280 est,
1119 2234 1213 2290 neque
1233 2224 1329 2272 tamen
1350 2215 1410 2272 viro

309 2309 391 2365 doato
410 2303 511 2364 Wilda
532 2302 635 2361 Strafr.
657 2323 686 2379 p.
706 2302 764 2361 780
782 2304 947 2368 assentiam,
966 2304 1019 2378 qui
1037 2323 1101 2360 eam
1121 2304 1247 2381 appellat
1266 2307 1409 2377 aneens-

309 2396 429 2465 sollend
456 2394 596 2468 niedrige
626 2392 733 2458 Busae,
750 2393 808 2450 alia
827 2393 905 2449 enim
925 2402 992 2449 sunt
1012 2393 1127 2458 delicta,
1144 2412 1269 2469 quorum
1289 2393 1410 2450 mulctas

308 2504 343 2545 ex
363 2487 424 2562 lege
443 2483 534 2540 Alam.
555 2481 662 2540 LXVII
683 2491 710 2539 et
730 2482 831 2538 Edicto
849 2481 982 2540 Rotharis
1001 2481 1081 2538 XXX
1100 2483 1132 2539 in
1155 2481 1189 2538 12
1209 2491 1236 2539 et
1254 2482 1293 2540 80
1303 2482 1408 2540 solidos

308 2576 484 2635 constitutas.
504 2569 603 2627 Wilda
622 2571 718 2635 affert.
736 2571 793 2628 alia
813 2589 887 2646 quae
907 2571 937 2627 in
958 2571 1019 2647 lege
1039 2571 1146 2628 Frisios
1165 2581 1336 2630 tractantur.

350 2663 381 2699 ⁵⁰
424 2659 528 2718 Herold
550 2659 613 2717 Tit.
633 2659 668 2716 V
666 2680 679 2726 ;
707 2661 755 2717 ed.
773 2661 923 2720 recentior.
945 2660 1008 2717 Tit.
1030 2659 1093 2724 VI.
1113 2661 1150 2718 oi.
1169 2671 1229 2718 not.
1248 2661 1296 2720 45,

350 2753 381 2789 ⁵¹
425 2748 597 2808 Testimonio
617 2750 693 2806 tituli
712 2749 738 2807 V
758 2749 918 2806 additionis
939 2749 1007 2826 Sap.
1028 2757 1153 2826 tempore
1172 2760 1267 2808 uetere
1276 2751 1309 2807 in
1318 2750 1406 2807 Frisia

309 2843 404 2902 media
430 2839 589 2915 weregelda
619 2841 745 2897 virorum
766 2858 800 2896 ao
819 2839 975 2896 mulierum
994 2839 1070 2896 inter
1089 2859 1119 2896 se
1138 2859 1197 2896 non
1218 2840 1405 2907 differebant;

308 2944 435 3008 tompore
465 2928 623 2985 reeentiore
651 2929 843 3005 weregeldum
874 2929 1005 2986 mulieris
1033 2929 1065 2984 in
1095 2929 1186 2986 Frisia
1209 2930 1305 2986 media
1324 2934 1404 2990 tertia
1499 2993 1500 2996 ,

307 3030 400 3099 parte,
427 3020 457 3075 in
487 3017 580 3074 Frisia
604 3019 738 3075 orientali
758 3027 853 3075 autem
874 3019 993 3075 dimidia
1012 3027 1093 3094 parte
1115 3019 1208 3075 maior
1227 3031 1306 3087 erata
1325 3023 1402 3082 vide:

309 3115 425 3169 baoerso
453 3127 503 3164 ma
533 3107 638 3181 decipet
670 3127 719 3163 ene
740 3109 942 3180 frammenti
961 3110 1266 3183 lsionolfloolatende
1286 3114 1404 3177 niasoe

307 3203 335 3256 is
354 3201 422 3256 ltere
441 3198 503 3254 bote
522 3198 575 3252 ileo
587 3195 702 3270 fierda
715 3200 878 3272 parrningo
897 3218 999 3260 moro.
1016 3217 1048 3255 so
1066 3207 1131 3256 mai
1149 3219 1199 3256 ene
1216 3219 1325 3258 manne
1339 3206 1402 3266 dece,

304 3287 362 3365 leg,
382 3287 450 3362 pagi
469 3283 608 3360 Westerg.
628 3286 659 3339 in
678 3284 767 3341 Fries.
788 3285 920 3362 Rechtsq.
940 3307 971 3363 p.
992 3287 1060 3352 494,
1077 3286 1105 3345 2.
1135 3287 1203 3352 498,
1222 3287 1250 3347 7.
1272 3289 1340 3357 463,
1359 3293 1403 3354 23.
1496 3328 1499 3339 =

306 3376 384 3434 ooni.
412 3385 527 3464 autema
557 3376 681 3450 sprelcm
709 3378 836 3434 naonrailc
864 3378 995 3434 anderen
1023 3380 1133 3434 innoer
1163 3381 1211 3435 sin
1242 3399 1340 3447 ere...
1368 3384 1402 3440 de

305 3485 377 3524 naon
405 3463 424 3521 2
445 3473 538 3540 pant,
567 3466 639 3522 eraclo
658 3466 715 3522 dot
735 3469 798 3540 wis
814 3467 823 3522 l
841 3475 935 3541 print,
955 3466 1026 3523 ibid.
1045 3487 1075 3543 p.
1097 3465 1165 3532 481,
1186 3467 1242 3526 3οι
1264 3472 1325 3527 olle
1344 3475 1401 3530 ilaei

307 3557 375 3614 tleer
403 3574 454 3612 ma
474 3555 597 3627 frowen
628 3555 751 3630 (roioen)
782 3556 864 3618 cleti,
892 3575 927 3612 so
947 3558 1057 3613 iethet
1077 3558 1401 3631 thrimenesnrtliero
1495 3587 1499 3635 .'

307 3648 400 3703 botem
429 3645 495 3701 and
523 3663 543 3700 a
572 3646 692 3701 rinolste
711 3645 743 3719 (i.
763 3664 789 3701 e.
801 3647 932 3721 frothe),
948 3645 1005 3721 leg.
1024 3645 1176 3722 Emesgon.
1196 3646 1269 3705 ibid.
1289 3669 1320 3726 p.
1339 3651 1402 3716 225,

306 3734 354 3793 29.
385 3732 454 3798 234,
481 3731 528 3789 30.
560 3731 617 3790 235
647 3741 705 3791 not.
735 3733 782 3792 49.
812 3733 880 3800 236,
908 3734 938 3800 4,
956 3735 1034 3792 coni.
1054 3754 1084 3811 p.
1103 3734 1171 3797 234,
1195 3735 1237 3793 19.
1268 3737 1337 3804 235,
1361 3741 1401 3805 17,
1495 3792 1497 3821 r

306 3831 335 3880 et
362 3825 424 3895 ras
448 3839 497 3877 erae
525 3839 592 3877 mon
623 3822 691 3886 den,
721 3822 740 3879 2
763 3825 878 3898 prand;
898 3828 958 3899 ras
973 3844 1040 3881 eure
1051 3827 1157 3899 frowo
1179 3825 1250 3882 deon
1270 3827 1288 3884 3
1301 3831 1401 3904 prend.

305 3910 378 3968 ibid.
397 3930 427 3986 p.
456 3907 524 3973 230.
551 3908 598 3966 33.
629 3909 696 3975 231,
716 3911 770 3975 3ος
792 3915 917 3987 aoisoaee
936 3915 1068 3970 thrimne
1079 3915 1225 3987 sortirer.
1243 3915 1298 3993 leg.
1320 3919 1401 3975 Broo·

307 3999 443 4057 manniae
471 3997 544 4056 ibid.
573 4019 603 4076 p.
638 3999 702 4065 162,
732 4002 762 4066 9,
790 4003 827 4058 of.
852 4022 880 4078 p.
903 4002 968 4069 177,
987 4003 1015 4060 5.
1040 4002 1104 4066 179,
1126 4002 1160 4060 16
1180 4012 1207 4060 et
1227 4006 1335 4081 delesel
1352 4027 1401 4066 sea

303 4090 487 4164 pmninpao,
507 4091 589 4146 tleere
608 4092 685 4147 wine
704 4097 827 4167 morgen,
845 4093 917 4149 ibid.
937 4115 966 4171 p.
991 4092 1044 4150 179
1068 4093 1119 4156 11;
1139 4094 1257 4151 soldede
1271 4096 1306 4154 15
1318 4099 1400 4156 merle
1496 4091 1497 4094 ¹

201 4211 205 4220 .
306 4179 405 4252 ieftlm
436 4175 469 4233 15
498 4180 608 4245 etlam·
636 4183 719 4238 tinere
737 4185 846 4256 srowo
871 4186 1018 4242 thrimene
1028 4186 1162 4258 fiartlmr
1180 4204 1200 4241 a
1220 4187 1282 4242 bote
1301 4187 1366 4244 and
1381 4206 1399 4242 o

307 4267 437 4330 dorchia.
465 4266 521 4342 leg.
541 4267 703 4346 llnnesgon.
734 4272 804 4330 ibid.
836 4293 865 4349 p.
886 4271 954 4337 332,
985 4273 1033 4339 32,
1053 4274 1129 4332 oeni.
1148 4294 1179 4350 p.
1200 4273 1267 4339 332,
1290 4275 1334 4334 19.
1354 4275 1397 4332 26.
1494 4324 1495 4333 ,
