3098 5176
340 447 457 496 xxxlv
772 444 843 492 LEX
864 441 1072 493 usslsloumo.

313 680 321 745 g
342 650 497 739 originem
520 651 600 742 legis
623 661 721 738 atque
745 673 816 716 eam
840 648 1131 716 additamentorum
1153 645 1355 726 inierfirerit3
1379 644 1456 733 quis

317 767 408 844 2est,
439 768 476 823 ut
508 755 691 843 exemplum
713 779 851 843 ponam,
876 756 933 842 qui
957 754 1129 835 concedat,
1153 752 1284 818 titulum
1307 753 1457 840 primum

317 872 375 927 ,ει
407 863 556 947 quintum
589 861 747 928 decimum
780 860 893 926 eodem
925 883 1008 927 cuno
1042 868 1231 946 conceptum
1256 881 1340 940 cose,
1369 881 1457 946 quo-

316 979 415 1033 ‘rum
445 968 500 1035 ille
530 965 748 1056 weregeldum
780 968 841 1033 viri
876 966 969 1032 liberi
1014 958 1078 1046 53}
1118 961 1244 1046 solidis,
1279 965 1334 1031 hic
1372 987 1456 1032 vcro

318 1150 322 1162 ⁵
344 1073 412 1139 106
438 1073 546 1140 solidis
571 1072 758 1139 aestimavit.

388 1177 585 1245 Accuratius
619 1189 728 1243 cutem
763 1199 993 1266 cognoscamus
1028 1177 1079 1242 ius
1114 1174 1210 1256 illud,
1247 1174 1336 1263 quod
1369 1176 1458 1242 inest

251 1291 254 1296 '
342 1284 492 1370 capitulis
522 1284 604 1373 legis
637 1283 848 1360 enumeratis3
883 1281 916 1346 id
948 1304 1127 1370 congruere
1152 1279 1194 1348 ad
1217 1303 1337 1347 cunum
1364 1284 1387 1346 7
1392 1281 1458 1361 85,

342 1410 408 1475 quo
447 1388 554 1455 Frisia
593 1387 772 1467 orientalis,
813 1389 846 1452 in
885 1388 925 1452 iis
966 1387 1149 1475 saepissime
1185 1397 1456 1466 commemorato,

341 1516 442 1583 regno
465 1493 668 1562 Francorum
691 1492 922 1573 subiiceretur,
946 1492 1098 1580 exemplis
1121 1491 1263 1559 affirmoz

388 1731 421 1775 a.
468 1704 602 1771 Bannus
643 1704 687 1769 60
726 1703 922 1782 solidorum,
957 1724 1055 1790 quem
1085 1701 1202 1767 dicunt
1235 1701 1383 1791 regium,
1420 1704 1455 1768 in

342 1810 417 1898 lege
446 1809 631 1877 Frisionum
656 1809 877 1897 antiquissima
900 1831 1067 1895 nunquam
1090 1818 1312 1896 nuncupatus,
1335 1831 1456 1876 occur·

341 1916 386 1981 rit
419 1916 453 1980 iu
488 1915 638 2002 capitulis
675 1917 694 1982 8
733 1926 766 1980 et
800 1915 819 1979 9
845 1911 1012 1979 tituliIII
1035 1914 1125 1978 etin
1148 1913 1290 2000 capitulo
1316 1916 1335 1979 7
1362 1911 1455 1981 tituli

341 2019 451 2100 XIV,
492 2043 576 2106 quae
615 2017 657 2086 ad
699 2019 837 2085 Frisium
872 2019 1057 2084 orientalem
1093 2020 1263 2106 pertinent.
1322 2018 1456 2086 Eodem

343 2136 487 2210 tempore
518 2125 643 2189 bannus
674 2125 784 2212 regius
816 2147 835 2189 a
866 2123 989 2190 Kar-olo
1021 2122 1146 2212 Magno
1177 2124 1211 2189 in
1235 2122 1378 2193 Saxonia
1403 2128 1455 2191 in·

343 2229 513 2296 troductus
542 2240 611 2307 θεῖς
644 2229 790 2294 conferas
822 2227 1020 2315 Capitulare-
1042 2228 1083 2294 de
1115 2229 1261 2316 partibus
1289 2228 1454 2298 Saxonioe
1522 2249 1523 2258 ¹

345 2357 429 2400 anno
455 2335 521 2402 785
547 2334 659 2400 datum
682 2334 752 2423 (vel
776 2334 872 2421 paulo
898 2343 1003 2414 antea,
1027 2330 1101 2399 vide
1120 2331 1232 2402 Waitn
1248 2334 1346 2401 Dent.
1365 2336 1454 2404 Ver·

342 2439 850 2534 fass.G.111.p.123)in
886 2439 1027 2528 capitulo
1059 2441 1122 2505 24.
1153 2452 1291 2506 nostrum
1314 2444 1453 2508 bannum
1522 2465 1523 2530 ξ

343 2502 457 2625 coloci,
488 2546 579 2612 Mon.
613 2541 655 2610 G.
683 2544 756 2610 LI..
779 2544 809 2609 Ι.
831 2568 863 2631 p.
890 2546 975 2624 142,
999 2542 1083 2610 conf.
1104 2545 1182 2611 ibid.
1206 2568 1275 2634 cap.
1302 2548 1453 2618 19-21,

346 2650 390 2716 25
428 2660 461 2716 et
498 2651 561 2716 31:
597 2652 735 2716 dedimus
764 2661 948 2736 potestatem
984 2652 1141 2717 comitibus
1177 2654 1311 2719 bannum
1333 2656 1453 2720 mritcrc

343 2758 431 2844 infla
453 2779 507 2822 cuo
531 2759 699 2823 miniario
723 2759 760 2822 de
773 2757 876 2844 saido
898 2757 947 2823 ool
968 2759 1141 2825 maioriboc
1163 2761 1262 2824 coucr'c
1284 2760 1453 2826 insolidos

345 2862 408 2939 60;
432 2864 662 2929 domitoribus
687 2885 758 2928 cero
783 2864 883 2928 caucis
906 2864 1023 2928 comitio
1047 2864 1219 2928 bannum
1204 2885 1237 2928 m
1261 2863 1377 2931 solidos
1408 2865 1450 2932 15

345 2969 567 3048 conotz'iuimuc,
597 2966 689 3032 Mon.
721 2963 763 3032 (Ξ.
787 2964 860 3031 LI..
883 2965 911 3030 L
935 2990 967 3054 p.
992 2966 1057 3045 503
1081 2976 1113 3032 et
1137 2963 1325 3054 Capitulare
1348 2967 1453 3051 Saxo·

344 3061 453 3136 uicum
484 3073 561 3137 enni
586 3072 883 3138 mundioris
908 3072 1290 3158 capituiic,proqcib1c
1313 3078 1453 3156 Franci,

344 3177 375 3239 ci
409 3178 490 3262 repis
527 3179 662 3242 bannum
697 3177 881 3262 traoeproni
914 3187 1003 3255 cuni,
1036 3177 1152 3242 coiidoc
1182 3177 1225 3243 60
1249 3196 1453 3265 componunt,

336 3281 492 3348 semiliter
525 3282 663 3349 Saconec
700 3281 834 3362 solvent,
867 3283 897 3346 ei
931 3282 1047 3348 alicubi
1080 3295 1186 3348 contra
1224 3285 1309 3371 ipcoc
1333 3287 1452 3354 bannos

340 3389 487 3468 fecerint,
510 3384 602 3452 Mon.
626 3384 669 3453 G.
692 3385 767 3454 LI..
790 3385 819 3452 Ι.
842 3409 874 3475 p.
900 3385 953 3452 75.

391 3597 427 3684 β.
474 3596 711 3689 Weregeldum
735 3608 792 3664 eut
822 3595 951 3664 fredum
974 3597 1085 3664 novies
1108 3608 1281 3685 sumptum,
1304 3599 1370 3690 legi
1394 3624 1451 3668 an·

345 3703 543 3790 tiquiseimae
567 3706 663 3792 plane
687 3705 844 3782 alienum,
868 3725 909 3767 ex
932 3703 1003 3768 iure
1026 3703 1239 3792 capitulorum
1272 3728 1355 3792 quae
1379 3708 1451 3775 lau-

348 3805 440 3888 davi,
463 3809 514 3873 his
537 3809 571 3873 in
596 3807 781 3873 criminibus
805 3803 993 3870 solvendum
1018 3817 1074 3870 est.

440 4019 489 4083 tit.
525 4014 615 4082 VII:
652 4016 691 4082 Si
726 4016 796 4102 quic
832 4016 955 4082 domum
987 4015 1117 4083 alterius
1141 4021 1391 4103 incenderit...,
1416 4027 1450 4090 io

346 4124 442 4214 dupio
484 4135 666 4210 componam
700 4125 730 4188 ci
765 4134 867 4188 cotom
902 4124 1061 4188 dominnm
1098 4127 1206 4192 domuc
1231 4128 1377 4213 flammis
1413 4153 1450 4197 ec

347 4221 421 4304 ipso
452 4218 541 4282 domo
573 4218 679 4304 eprcdi
709 4215 872 4302 compulit,
904 4229 934 4282 ci
960 4237 1113 4302 opressum
1137 4221 1266 4301 occidit,
1290 4235 1450 4312 componat
