3028 5184
534 1301 844 1410 INDEX
899 1305 1250 1414 RERUM.

343 1635 624 1748 Absciadere
649 1683 880 1758 (abscindantur,
907 1681 1070 1746 absciderit,
1089 1684 1242 1762 abscissus)
1263 1686 1439 1742 membrum:

382 1798 494 1841 aurem,
523 1776 687 1838 brachium,
715 1773 850 1848 digitum,
878 1789 1010 1835 manum,
1038 1791 1153 1830 nasum.
1171 1774 1312 1849 palmam,
1333 1773 1439 1851 pedem,

383 1877 527 1929 veretrum
566 1867 587 1921 t.
617 1863 700 1920 Fris.
731 1860 825 1924 xxlt.
851 1860 880 1918 9.
910 1860 954 1918 10.
974 1859 1097 1918 27-34.
1118 1860 1167 1919 57.
1188 1861 1234 1919 62.
1255 1863 1303 1920 63.
1326 1860 1438 1920 76-18,
1496 1889 1497 1898 ¹

383 1958 475 2018 Add.
506 1954 546 2020 11,
578 1952 604 2010 l.
623 1951 651 2008 b.
680 1949 709 2008 6.
737 1949 766 2008 9.
796 1948 854 2013 Ill,
882 1949 906 2006 l.
935 1948 963 2006 5.
994 1948 1021 2006 9.
1044 1949 1089 2006 10.
1110 1949 1167 2014 463
1206 1955 1245 2025 cf.
1266 1952 1400 2009 abscissio
1417 1957 1439 2005 et

382 2045 558 2126 praecidere,
578 2040 715 2097 incidere.

345 2134 561 2194 abscissio:
582 2130 696 2207 palmae
717 2125 809 2183 Add.
827 2124 869 2188 11,
888 2125 924 2192 63
945 2130 985 2200 cs.
1005 2127 1181 2184 abscindere.

343 2221 612 2298 abs-conderer
642 2220 666 2274 si
686 2216 750 2292 quis
769 2216 913 2272 bominem
936 2215 1071 2273 occiderit
1089 2226 1116 2273 et
1136 2215 1316 2276 absconderit
1334 2218 1399 2280 XX,
1416 2215 1438 2272 2.
1486 2170 1492 2258 1

387 2314 433 2387 Os.
456 2309 620 2368 mordritus.

345 2402 603 2462 abstrahere:
635 2397 658 2454 si
688 2397 799 2452 crinem
828 2395 911 2452 atteri
944 2395 1113 2452 abstraxerit
1142 2397 1437 2465 Adcl.111.39;ef.
1484 2366 1497 2436 '³

382 2488 634 2566 comprehendere.

345 2587 554 2655 acceptor:
574 2592 674 2632 canem
694 2582 870 2650 acceptorem
892 2572 943 2636 IV.
963 2572 1001 2638 83
1023 2578 1062 2648 cs.
1084 2575 1170 2632 canis.

346 2664 665 2743 acceptoricius:
687 2680 788 2718 canem
807 2661 1024 2736 acceptoricium
1045 2661 1098 2727 lv,
1117 2662 1152 2727 4ς
1174 2667 1212 2739 esv
1234 2667 1322 2722 canis.

346 2759 511 2818 addere:
532 2755 601 2811 baec
623 2752 807 2808 Wulemarus
826 2749 937 2806 addidit
959 2749 1000 2815 ΙΙ,
1022 2752 1053 2807 ll
1075 2754 1169 2810 inser.
1192 2753 1240 2828 C's.
1260 2754 1378 2812 additio.

346 2845 522 2907 additio=
544 2844 705 2919 sapientum
727 2840 817 2897 Add.
839 2842 930 2896 inser.
945 2859 980 2914 p.
1002 2840 1049 2897 27.
1075 2841 1121 2914 Os.
1142 2842 1258 2902 addere.

347 2937 565 2996 adducore:
595 2931 647 3006 qui
666 2938 789 2987 caeteros
809 2928 940 2992 adduxit,
959 2928 1011 3004 qui
1030 2931 1172 2988 hostiliter
1191 2933 1308 2990 domum
1330 2933 1436 2990 alteriue

386 3023 636 3083 circumdederunt
655 3018 752 3084 XVII,
771 3017 799 3076 4.

347 3117 486 3191 adapes
509 3111 532 3168 si
552 3110 588 3166 de
607 3108 692 3185 adipe
711 3106 823 3183 aliquid
842 3106 878 3162 de
899 3107 1017 3164 vulnere
1035 3112 1202 3185 processerit
1221 3111 1316 3176 xxn.
1336 3111 1374 3170 56
1393 3111 1435 3186 [cf.

386 3210 445 3260 not.
468 3200 502 3257 91
521 3217 553 3272 p.
574 3197 634 3272 79).
657 3196 704 3271 Os.
726 3195 840 3252 vulnus.

347 3293 392 3350 ad
401 3288 601 3367 pretiare=
632 3285 780 3341 solvantur
807 3283 960 3352 (animalia
988 3287 1091 3356 occisa)
1113 3297 1200 3363 prout
1218 3289 1328 3348 fuerint
1348 3313 1364 3348 a
1382 3311 1436 3369 pos-

356 3447 357 3450 *
385 3399 491 3439 sessore
520 3375 681 3453 adpretiata
711 3373 764 3438 lv,
794 3373 831 3437 23
863 3385 1014 3450 componat
1044 3380 1170 3448 (servum
1201 3381 1338 3457 occisum)
1368 3381 1436 3438 iuxta

385 3470 462 3547 quod
490 3466 578 3526 fuerit
608 3465 782 3540 adpretiatus
811 3464 837 3529 Ι,
869 3463 920 3528 lle
945 3477 1097 3542 componat
1124 3468 1150 3524 ei
1171 3469 1275 3542 (nobili
1295 3472 1339 3527 vel
1357 3471 1436 3528 libero

386 3558 515 3622 venditet
545 3555 589 3612 bis
620 3555 699 3611 iuxta
731 3553 809 3628 quod
838 3553 933 3611 fuerat
963 3555 1140 3632 adpretiatus
1160 3557 1238 3624 xxi,
1263 3559 1287 3618 l.
1312 3559 1359 3636 Us.
1378 3580 1435 3638 pre·

387 3649 473 3712 tium,
492 3645 651 3702 aestimare.

277 3777 278 3780 η
348 3738 587 3814 adquirere:
607 3738 786 3790 sacramento
806 3739 856 3787 tuo
875 3729 913 3787 ad
932 3732 1097 3791 seruitutem
1118 3754 1163 3791 ure
1184 3736 1237 3792 tibi
1257 3738 1378 3814 adquire
1394 3737 1437 3801 xl,

388 3827 426 3890 23
448 3826 485 3897 cf
507 3822 685 3896 conquirere.

349 3914 529 3975 adultere
568 3910 630 3966 siue
659 3907 863 3984 compositione
892 3909 982 3966 occidi
1011 3921 1102 3988 potest
1131 3913 1245 3972 adulter
1275 3915 1313 3983 V,
1345 3919 1369 3976 l.
1400 3917 1438 3995 Os.

387 4002 524 4061 occidere.

348 4093 584 4152 aestimare=
614 4089 717 4163 quanti
746 4109 803 4155 res.
833 4112 907 4167 quae
935 4091 1033 4149 ablata
1063 4093 1163 4158 buerit,
1181 4095 1378 4153 aestimabitur·
1396 4089 1439 4152 111.

391 4181 427 4243 ’ἲς
447 4185 599 4251 componat
618 4195 743 4241 servum.
763 4177 844 4234 iuxta
863 4179 939 4255 quod
960 4199 977 4235 a
996 4179 1114 4236 domino
1133 4184 1194 4238 eius
1213 4183 1303 4240 fuerit
1320 4184 1438 4243 aestima·

392 4280 437 4327 tus
456 4265 507 4328 IV.
530 4265 542 4320 l
565 4274 592 4321 et
612 4265 638 4329 l.
660 4265 713 4331 123
732 4270 772 4341 cs·
792 4267 965 4344 adprobare,
985 4268 1120 4344 pretium.
