3028 5184
491 425 607 488 Iuonx
629 421 768 486 iterun.
1113 421 1172 484 161

110 621 233 680 cladol.

72 640 310 771 utensilia:
341 708 365 766 si
393 707 458 783 quis
485 727 577 771 arma.
607 716 721 770 vestem,
740 702 873 762 utensilia
892 701 1048 777 quaelibet,
1067 703 1117 760 alii
1138 706 1173 761 ed

113 799 307 859 auferendum
327 797 487 874 exposuerit
508 795 550 860 ΙΙ,
573 796 617 854 ΙΙ.
642 795 688 871 Cf.
709 815 763 852 res.

74 899 244 947 uterus=
273 889 370 944 infans
389 888 427 943 ab
448 895 527 943 utero
546 886 677 943 sublatus
696 893 724 942 et
743 890 876 939 enecatus
896 901 913 938 a
934 890 1024 938 matre
1045 882 1081 947 V,
1104 883 1129 941 Ι.

74 997 198 1036 uxor:
227 979 251 1034 si
281 977 347 1053 quis
375 977 532 1032 foeminam
563 993 679 1032 uxorem
702 973 816 1030 duxerit
835 981 915 1028 extra
935 973 1108 1029 voluntatem
1129 993 1178 1031 ec·

112 1087 191 1131 runt¹
220 1067 271 1142 qui
294 1075 463 1143 potestatem
483 1065 544 1121 eius
564 1063 672 1121 habent
692 1063 745 1126 ΙΧ.
766 1061 819 1126 ΙΙ;
839 1061 862 1117 si
882 1061 948 1135 quis
967 1081 1086 1120 uxorem
1106 1063 1179 1120 alte·

112 1157 174 1214 rius
195 1165 294 1212 contra
313 1155 405 1231 legem
427 1154 525 1210 tulerit
546 1154 636 1211 Adri.
659 1151 710 1212 ΙΙΙ.
730 1151 785 1216 76;
806 1151 829 1207 si
849 1151 914 1226 quis
933 1151 1048 1207 illicitas
1063 1155 1179 1228 nuptias

118 1245 308 1310 contraxerit,
328 1244 510 1320 separabitur
529 1244 567 1300 ab
587 1261 675 1300 uxore
695 1262 746 1300 sna
767 1242 857 1298 Add.
877 1240 932 1305 111,
952 1241 997 1298 77.
1021 1240 1069 1316 (Is.
1093 1243 1181 1299 utari·

113 1343 161 1391 tus
181 1342 209 1390 et
228 1332 356 1410 nuptiae.

75 1511 320 1588 vapulares
349 1529 447 1568 servus
479 1510 594 1586 vapulet
621 1510 798 1586 (vapuletur)
828 1507 885 1574 ΙΙΙ,
903 1509 931 1566 7.
952 1508 1062 1576 XVIII,
1081 1512 1109 1570 2.
1132 1513 1180 1588 Cf.

113 1601 252 1657 dominus
271 1608 299 1656 et
319 1618 425 1657 servus.

77 1710 154 1749 ren
167 1689 289 1746 deret
316 1689 368 1762 qui
388 1687 566 1763 mancipium
586 1687 619 1743 in
639 1705 765 1764 paganas
784 1695 881 1763 gentes
901 1687 1062 1746 vendiderit
1087 1690 1140 1750 XV
1141 1693 1182 1758 ΙΙ,

116 1779 154 1843 5;
175 1779 199 1834 si
231 1778 296 1853 quis
315 1778 442 1834 nobilem
466 1776 509 1833 vel
528 1775 654 1833 liberum
674 1785 756 1833 extra
775 1777 900 1852 petriam
920 1778 1082 1837 vendiderit
1100 1781 1183 1848 XXI,

120 1868 146 1926 l.
170 1865 216 1942 Os.
240 1867 397 1944 plagium·

79 1955 238 2015 venires
267 1956 290 2011 si
311 1956 416 2014 vulnus
436 1954 473 2010 ad
492 1955 630 2011 interiore
651 1955 759 2012 venerit
779 1954 870 2012 Add.
882 1954 997 2019 111,30.
1010 1955 1056 2030 Cf.
1068 1961 1184 2020 vulnus.

78 2067 96 2104 v
110 2054 253 2105 enters
283 2045 308 2102 si
326 2045 361 2101 iu
381 2053 509 2100 ventrem
531 2044 724 2100 vulneraverit
742 2043 837 2101 ΧΧΙΙ.
856 2043 904 2103 52.

82 2133 293 2193 verendas
323 2135 347 2190 si
376 2135 441 2208 quis
470 2133 625 2189 foeminam
646 2153 698 2209 per
716 2135 840 2190 verenda
858 2134 920 2190 eius
939 2139 1187 2212 comprehenderit

120 2223 217 2288 XXII,
236 2223 284 2280 89.
308 2221 355 2296 Cf.
377 2223 516 2279 mamilla.

81 2323 323 2372 veretrums
353 2313 376 2370 si
407 2313 473 2388 quis
500 2320 643 2370 veretrum
673 2311 827 2369 absciderit
853 2313 949 2378 XXII.
976 2314 1023 2373 57.
1056 2315 1103 2390 Of.
1132 2327 1189 2375 tes·

121 2402 239 2460 ticulus.

81 2493 419 2551 vestimentum:
446 2490 579 2548 dominus
608 2492 680 2548 servi
711 2491 743 2546 iu
772 2491 939 2548 vestimento
957 2511 1008 2549 sno
1026 2513 1190 2552 sacremen-

125 2590 190 2638 tum
218 2601 272 2658 pro
300 2582 351 2638 illo
378 2581 508 2657 perficiat
529 2579 585 2645 ΙΙΙ,
603 2579 640 2645 ὃς
660 2580 795 2637 dominus
815 2582 889 2638 servi
907 2581 939 2638 in
958 2583 1124 2642 vestimento
1143 2587 1191 2643 iu·

129 2691 195 2728 rare
215 2670 319 2747 polerit
337 2669 411 2736 XII,
434 2670 459 2727 Ι.
482 2668 528 2744 Of.
548 2679 758 2726 sacramentum
781 2679 814 2726 et,
828 2671 934 2728 iurare.

84 2760 242 2817 vestis:
275 2758 318 2824 ΙΙ,
339 2758 392 2823 ΙΙ;
414 2763 453 2833 es.
475 2757 616 2815 utensilia.

89 2849 177 2907 viat
208 2849 232 2905 si
252 2847 326 2904 liber
346 2848 438 2905 libero
457 2848 487 2903 in
509 2846 556 2904 via
576 2851 678 2903 merrus
697 2846 825 2902 iniecerit
844 2856 871 2905 et
890 2849 967 2906 riam
987 2851 1193 2910 contradixerit

127 2938 218 2996 Actaet.
249 2937 325 3002 litt,
363 2938 386 2994 l.
422 2957 453 3010 p.
487 2935 539 3000 353
574 2937 598 2992 si
628 2937 693 3011 quis
722 2937 753 2992 in
783 2937 906 2993 flumine
936 2939 1012 2995 viam
1042 2940 1189 3015 publicam

128 3019 277 3084 occluserit
317 3025 406 3084 Arte.
436 3025 489 3089 Vt.
520 3025 554 3091 l3
584 3026 608 3082 si
638 3044 668 3081 os
697 3027 804 3081 iactum
835 3026 866 3081 in
896 3037 1007 3084 scutum
1037 3038 1117 3086 trans
1136 3051 1191 3107 pu·

132 3117 240 3174 blicam
260 3115 335 3172 vium
355 3115 449 3171 audiri
469 3115 555 3191 possit
575 3114 668 3178 XXII,
688 3114 735 3171 71.
755 3114 803 3173 tu

88 3206 170 3265 vill
185 3225 220 3261 ar
250 3206 302 3279 qui
334 3223 421 3260 manu
450 3204 566 3261 collecta
597 3204 735 3260 hostiliter
757 3204 853 3261 villatn
870 3205 914 3263 vel
934 3206 1053 3265 domum
1073 3211 1190 3270 alterius

130 3293 352 3352 circumdederit
372 3293 466 3352 xvlt.
489 3293 525 3360 43
546 3298 585 3368 cf.
606 3293 637 3350 in
657 3306 737 3352 curte
757 3303 785 3349 et
804 3295 835 3350 ln
857 3294 925 3352 villa
946 3296 997 3362 IV,
1018 3298 1053 3362 93
1075 3303 1192 3373 oſseus.

127 3385 165 3441 tis
185 3392 214 3440 et
234 3383 345 3440 domus.

90 3473 277 3532 violaret
308 3473 341 3546 a)
369 3472 421 3547 qui
450 3473 556 3548 templa
585 3473 704 3528 deorum
725 3471 839 3529 violavit
857 3481 911 3530 etc.
931 3473 1019 3534 Adel.
1040 3475 1094 3542 XI,
1118 3479 1142 3537 Ι.
1163 3483 1192 3554 b)

128 3562 238 3636 siquis
257 3561 395 3618 ancillam
416 3562 530 3618 violavit
550 3561 603 3626 1x‚
624 3561 651 3618 3.
672 3560 707 3624 5;
729 3561 751 3616 si
771 3560 836 3636 quis
856 3562 984 3638 puellam
1005 3565 1126 3623 liberant
1147 3590 1193 3626 ra·

137 3650 239 3728 puerit
258 3659 286 3706 et
307 3650 441 3707 violatam
462 3649 602 3706 dimiserit
622 3649 727 3714 1x‚8;
748 3652 787 3723 cs.
809 3659 1021 3728 construprare,
1041 3658 1195 3717 moechari.

93 3739 234 3816 virgas
267 3739 323 3795 duo
346 3740 395 3795 tali
415 3740 450 3795 de
471 3740 551 3814 virga
570 3741 690 3816 praecisi
710 3738 790 3803 XIV,
812 3738 837 3798 Ι.
861 3738 906 3815 Os
928 3761 998 3800 sors.

93 3831 233 3906 virgo:
264 3829 289 3883 si
318 3827 382 3902 quis
413 3829 539 3904 puellam
562 3829 701 3904 virginem
722 3829 850 3904 rapuerit
870 3829 921 3895 IX,
942 3830 978 3895 83
998 3830 1022 3888 si
1042 3835 1148 3892 ancilla
1168 3848 1195 3894 et

133 3919 212 3994 virgo
231 3927 304 3982 erat,
322 3938 411 3993 quarn
432 3921 497 3994 quis
517 3920 632 3976 violavit
651 3919 703 3983 lx,
723 3919 750 3978 3.
775 3919 822 3994 Cf.
842 3920 950 3995 puella,
969 3921 1103 3982 foemina.

93 4008 175 4066 vis:
203 4007 228 4062 si
257 4005 323 4082 quis
350 4027 411 4064 rem
441 4009 468 4064 vi
497 4008 625 4084 rapuerit
647 4008 728 4073 VIII,
751 4008 782 4072 lt
801 4009 825 4064 sl
846 4009 950 4066 nobilis
969 4011 1066 4083 (liber,
1087 4023 1196 4093 servus)

133 4097 226 4153 libero
255 4097 372 4172 (nobili)
405 4097 429 4153 ri
461 4097 572 4170 aliquid
602 4097 751 4153 abstulerit
772 4099 912 4175 (sustulit)
933 4099 985 4163 ΙΧ,
1009 4101 1053 4159 lt.
1077 4103 1120 4162 15.
1144 4107 1197 4166 17;

134 4187 211 4242 inter
239 4186 303 4242 litos
337 4187 378 4242 ris
406 4188 480 4242 fecta
510 4186 564 4250 lx,
598 4185 650 4248 16;
671 4186 694 4242 si
715 4188 779 4260 quis
800 4190 1050 4248 servum'alterlus
1070 4213 1120 4268 per
1142 4197 1197 4254 vim

133 4275 248 4332 sustulit
279 4276 408 4350 pignoris
441 4276 556 4331 nominc
586 4275 674 4331 Adel.
704 4275 788 4339 VIII,
808 4275 843 4339 23
865 4279 906 4333 vis
928 4279 956 4334 in
978 4280 1067 4356 duplo
1086 4301 1199 4362 compo,

1018 4375 1059 4436 14
