3098 5176
509 407 579 454 Lux
598 406 806 458 salmonum.
1119 409 1222 459 xxvn

116 610 182 675 bus
217 611 309 676 annis
345 610 399 677 rix
433 611 587 698 peractis,
624 609 766 678 Karalus
802 635 859 679 rex
889 614 993 681 victor
1018 601 1292 703 domitorque
1277 648 1356 702 ,m
1444 678 1450 691 ,
1517 683 1522 692 ,

117 714 305 782 Frisionum
337 725 369 781 et
404 713 569 781 Saxonum
593 715 698 781 factus
722 727 786 796 est;
812 729 844 783 et
867 719 997 785 annales
1021 711 1222 787 Francorum

118 820 284 902 referunt,
303 821 464 907 quomodo
489 844 548 887 rex
571 820 710 888 Frisium
734 823 921 890 orientalem
945 847 1028 891 anno
1054 824 1120 891 785
1146 826 1223 893 sub·
1254 780 1287 856 i
1326 906 1332 918 ¹

119 935 227 991 actam
250 948 350 1020 regno
374 924 575 991 Francorum
599 925 762 1007 adiecerit,
786 950 825 993 ac
847 950 947 1015 pagos
971 927 1114 996 eiusdem
1138 932 1223 1018 epis·
1265 911 1298 950 '⁵

124 1082 127 1088 .
222 1033 280 1118 pis
303 1030 551 1096 Monasterieusi
575 1041 608 1097 et
630 1032 799 1099 Bremensi
822 1034 1005 1100 attribuerit
1023 1039 1064 1098 ⁴2.

170 1134 299 1218 Quibus
330 1137 426 1204 rebus
457 1136 600 1203 breviter
624 1135 793 1223 disputatis
816 1138 952 1227 intelligi
977 1149 1096 1226 potest,
1119 1162 1221 1228 reguo

119 1243 323 1309 Francorum
357 1242 544 1309 attributam
578 1241 677 1307 fuisse
711 1241 850 1310 Frisiam
886 1242 1116 1311 occidentalem
1147 1246 1222 1312 inde

120 1349 163 1414 ab
198 1370 281 1414 auno
315 1348 381 1414 689
414 1369 519 1432 usqne
554 1345 595 1412 ad
623 1370 743 1413 annum
768 1351 855 1426 7343
880 1347 1017 1415 Frisiam
1041 1351 1223 1418 occidenta-

119 1454 186 1520 lem
209 1464 242 1520 et
265 1452 402 1520 mediam
426 1452 501 1518 iude
525 1453 566 1518 ab
590 1475 674 1518 anno
700 1452 767 1518 734
791 1475 896 1540 usque
920 1453 961 1520 ad
986 1477 1106 1521 anuum
1137 1456 1219 1534 7853

120 1559 260 1626 Frisium
299 1582 425 1627 omnem
466 1558 623 1645 denique,
659 1561 744 1625 inter
778 1557 955 1627 Sinkfalam
991 1571 1024 1626 et
1060 1561 1224 1628 Wisaram

121 1666 233 1746 sitam,
267 1663 342 1731 inde
377 1664 418 1732 ab
457 1687 541 1730 anuo
579 1664 655 1730 785.
713 1661 810 1744 Quae
841 1689 943 1752 quum
974 1666 1019 1731 ita
1049 1667 1130 1746 sint,
1154 1667 1224 1734 fieri

121 1795 188 1837 nou
217 1771 340 1857 potuit,
372 1781 410 1836 ut
441 1771 481 1835 ab
521 1793 604 1834 anno
631 1769 697 1835 689
722 1792 827 1856 usque
851 1771 893 1837 ad
917 1794 1036 1837 annum
1061 1771 1147 1851 785,
1171 1773 1225 1838 lex

123 1876 286 1963 quaelibet
316 1878 349 1942 in
381 1899 506 1942 omnem
534 1875 672 1942 Frisium
696 1875 907 1958 conderetur,
932 1877 1063 1944 atinde
1087 1876 1225 1944 afficitur

123 1993 249 2048 textum
279 1983 360 2070 legis
391 1981 590 2061 Frisiorum,
626 1981 717 2047 nobis
746 1993 987 2062 conservatum,
1011 1983 1067 2070 qui
1091 1982 1133 2048 ad
1156 2007 1225 2049 om-

123 2111 197 2154 nem
232 2088 371 2174 pertinet
406 2087 563 2168 Frisiam,
598 2097 655 2152 aut
689 2097 765 2152 ante
797 2111 916 2154 annum
950 2090 1035 2168 689,
1066 2099 1123 2154 aut
1151 2099 1224 2176 post

123 2216 244 2258 annum
276 2193 343 2259 785
376 2195 530 2280 scriptum
563 2214 641 2259 esse.
690 2189 761 2272 Qui
791 2204 919 2259 censeat
942 2194 1047 2282 legem
1069 2204 1145 2260 ante
1168 2217 1249 2260 an·-

123 2321 203 2364 num
227 2299 293 2364 689
319 2299 468 2385 scriptam
494 2321 577 2377 esse,
601 2319 729 2362 necesse
753 2308 801 2362 est
825 2298 996 2377 concedat,
1020 2321 1130 2387 regem
1150 2298 1225 2365 Fri-

125 2403 192 2467 siae
231 2403 390 2489 quendam
429 2425 589 2491 paganum
631 2425 702 2468 eam
736 2401 849 2469 fecisse
867 2409 918 2480 4³3
956 2402 1018 2467 hoc
1052 2427 1130 2469 vero
1162 2426 1225 2469 non
1244 2438 1251 2486 .'

125 2509 241 2588 fuisse,
277 2510 481 2596 perspicuum
519 2521 567 2576 est
598 2532 635 2574 ac
668 2508 908 2575 demonstratur
931 2509 1041 2574 multis
1064 2509 1127 2574 illis
1150 2510 1250 2597 locis3

124 2614 203 2700 legis
235 2613 437 2694 Frisionum,
468 2617 525 2701 qni
555 2614 717 2701 pertinent
748 2613 790 2678 ad
814 2613 936 2678 cultum
962 2613 1171 2680 christianum
1195 2625 1246 2701 et,

124 2719 356 2807 legislationem
387 2721 604 2798 Francorum,
637 2730 675 2782 ut
706 2719 768 2782 iam
802 2719 929 2784 saeculo
965 2717 1088 2783 decimo
1112 2730 1249 2801 oetavoj

124 2826 248 2891 notavit
279 2825 433 2890 Halsema
464 2829 498 2889 in
530 2822 815 2909 Verhandelingen
849 2821 907 2888 der
938 2819 1041 2888 Gron.
1074 2821 1248 2891 Geneata-

124 2928 172 2994 ΙΙ.
195 2953 226 3016 p.
254 2931 330 3009 146,
356 2942 463 2996 nostro
488 2953 565 2996 vero
589 2939 734 3014 tempore
758 2940 979 3014 exposuerunt
1009 2926 1130 3016 Gaupp
1154 2929 1227 2996 Lex

123 3076 263 3088 —-

124 3187 224 3231 eatenus
249 3182 390 3247 pentilr'um,
422 3181 598 3245 combussitque
624 3180 740 3232 ecolesma
758 3190 781 3230 et
798 3179 891 3245 eupuli!
908 3179 962 3231 Dei
970 3181 1098 3245 famulos,
1116 3192 1138 3232 et
1155 3198 1228 3248 usque

125 3259 161 3310 ad
187 3259 244 3311 Fleo
262 3263 369 3325 fluvium
389 3261 452 3324 secr't
477 3262 599 3311 Rusones
619 3261 714 3311 Christi
722 3261 801 3322 fidem
818 3260 954 3325 relinquere
972 3270 995 3310 et
1012 3261 1135 3311 immolare
1153 3262 1227 3312 idolis

126 3339 196 3390 iuxta
219 3358 306 3392 morem
323 3343 416 3392 errores
432 3342 550 3407 pristini,
567 3342 641 3391 Mon.
658 3339 691 3392 G.
708 3341 745 3391 ΙΙ.
762 3356 788 3406 p.
805 3346 871 3404 4103
890 3349 915 3391 et
932 3340 997 3391 vita
1020 3340 1047 3392 S.
1065 3340 1226 3393 willehadi:

126 3418 156 3468 de
189 3418 324 3486 Wt'yrnodia
349 3423 451 3473 transiit
477 3422 502 3471 in
532 3420 669 3478 luriunt,
697 3420 777 3484 ibique
795 3420 957 3470 conscendens
975 3437 1060 3470 nauem
1076 3437 1142 3472 neure
1159 3423 1227 3473 cirea

126 3497 236 3549 Frentum
253 3501 471 3563 transfretavit...
487 3497 599 3552 Senones
626 3499 773 3550 Folaardum
796 3501 963 3566 presbyteram
980 3516 1032 3550 oum
1049 3500 1182 3550 laconas
1200 3503 1226 3552 t'n

122 3594 189 3643 papo
213 3577 287 3641 Lari,
313 3580 447 3632 Beniamin
473 3590 552 3632 autera
577 3581 603 3630 in
635 3579 792 3642 (liminari,
822 3586 919 3629 etc...
944 3579 1028 3643 pladrb
1054 3589 1226 3643 parauerunt,

125 3658 197 3710 Mon.
215 3659 248 3712 G.
267 3661 302 3712 11.
318 3677 344 3727 p.
363 3668 421 3713 ³82.

161 3745 194 3789 42
228 3740 305 3792 Gaui.
329 3740 418 3792 Vitam
444 3740 571 3805 Lindgeri
596 3740 618 3790 1.
645 3755 667 3790 c.
698 3745 744 3789 19:
761 3736 875 3789 Karolue
902 3736 1026 3786 constitnit
1041 3753 1092 3787 eum
1108 3737 1228 3790 doctmaa

123 3819 149 3870 in
172 3829 242 3886 pente
267 3818 402 3870 Fimonum
424 3839 441 3871 a
459 3819 576 3870 orientali
596 3828 669 3884 parte
688 3818 803 3881 staminis
820 3815 919 3867 Labelu'
933 3831 1008 3880 snper
1021 3833 1102 3882 pepon
1118 3819 1226 3884 quinque

124 3908 181 3963 ata,
206 3900 279 3951 Mon.
305 3900 337 3951 G.
354 3900 392 3950 II.
415 3916 442 3965 p.
467 3904 533 3961 410,
561 3910 587 3950 et
604 3897 714 3950 vitas.
730 3898 888 3949 willehadi.
905 3893 1018 3947 Karalus
1035 3900 1158 3950 constituit
1176 3917 1228 3951 eam

123 3979 241 4031 doctorem
258 3997 333 4047 super
349 3979 453 4031 Riustra'
468 3990 525 4042 etc„
540 3980 613 4029 Mon.
631 3977 664 4029 G.
681 3979 718 4029 11.
733 3995 761 4043 p.
778 3983 837 4028 383.

156 4066 190 4110 43
224 4061 404 4126 Dagobartum
422 4075 509 4124 regem
527 4061 612 4124 legem
630 4057 778 4109 Frisionum
796 4057 958 4120 condidisse,
975 4070 1054 4120 quam
1078 4029 1226 4124 opinionem

120 4139 241 4192 Sibrandi
269 4140 390 4192 Siccama
409 4157 536 4206 suprap.
553 4140 622 4192 XIX
640 4139 768 4204 allegavi,
787 4138 968 4190 confutatur”
950 4154 982 4190 us
1001 4152 1068 4202 quas
1085 4139 1118 4190 dc
1135 4141 1226 4191 eodem

126 4236 204 4287 supra
220 4238 247 4286 p.
264 4221 333 4273 XXI
350 4228 410 4273 sunt
428 4222 506 4272 dicta.
571 4249 573 4254 ,
