3028 5184
355 421 415 492 102
585 421 678 484 noo.
698 389 778 484 Sne.
822 418 851 482 Τ
874 435 886 482 1
909 437 939 483 Τ.
963 420 1026 484 lll.
1067 427 1082 506 ξ
1105 422 1166 497 69,
1187 424 1240 484 70.

394 618 426 654 ²¹
468 615 601 693 Gepitnla
632 612 669 672 69
698 622 725 670 et
756 613 795 670 70
824 613 854 670 in
884 633 969 672 usum
1001 613 1107 672 l'ririee
1136 615 1324 672 occidentalis
1352 617 1444 694 oripo

352 726 462 771 censeo.
491 705 555 763 ride
586 712 683 760 nolam
711 701 760 766 23.
788 703 1044 762 coniicerenutem
1065 703 1213 762 limatius
1235 705 1444 764 Frisiaeorien·

353 795 417 853 talis
447 795 490 852 bis
520 794 552 850 in
571 793 641 852 locis
660 811 725 850 cum
746 793 810 850 iure
830 792 938 850 Frisiae
956 793 1140 850 occidentalis
1159 795 1348 859 consensisse,
1364 815 1443 871 quum

352 884 545 960 capitulorum
576 881 668 939 verbis
706 880 840 938 extremis
869 881 967 940 nullae
999 882 1144 940 clausulae
1173 883 1294 940 addilae
1323 883 1394 947 sint.
1418 885 1445 942 in

352 975 459 1050 quibus
487 971 594 1030 Frisioe
623 970 771 1028 orientalis
800 970 846 1028 ius
866 970 1010 1028 diversum
1031 972 1130 1028 eodem
1152 972 1238 1029 modo
1259 983 1446 1050 exponeretur,

350 1083 408 1140 quo
428 1063 460 1118 in
479 1061 607 1119 clausula
626 1059 751 1136 capitulo
771 1059 809 1117 68
828 1059 937 1118 adiecta
957 1062 1066 1118 seclum
1086 1071 1138 1120 eol.

395 1151 426 1188 ²⁸
468 1151 504 1208 lo
533 1149 660 1227 capitulo
688 1147 725 1206 60
743 1150 930 1208 constitutum
950 1159 1014 1216 est,
1034 1160 1067 1208 nl
1086 1152 1171 1208 bomo
1189 1151 1246 1226 qui
1267 1170 1335 1209 casu
1353 1151 1444 1208 elior-

352 1245 425 1300 lnilo
451 1241 541 1298 olium
572 1239 774 1304 vulneraverit,
804 1239 940 1297 mulctam
972 1241 1131 1317 simplicem
1165 1240 1271 1305 solvet,
1291 1241 1323 1297 id
1342 1249 1381 1296 erl
1399 1248 1444 1296 ter·

352 1333 422 1389 liam
442 1339 554 1408 partem
575 1331 698 1386 mulctae
718 1347 793 1404 queo
812 1329 947 1386 solvendo
967 1329 1079 1396 fnisset,
1098 1329 1121 1386 si
1142 1329 1221 1386 molo
1241 1330 1342 1386 animo
1355 1329 1443 1384 rulnm

352 1420 427 1479 illud
457 1418 567 1478 bomini
588 1417 708 1481 fecisset.
726 1416 796 1494 quio
815 1417 939 1474 mulctae
958 1417 1100 1493 plurimae
1119 1418 1190 1494 legis
1210 1418 1339 1476 Frisieee
1359 1417 1443 1474 veleris

352 1508 545 1586 triplicandne
574 1516 658 1565 erant
687 1515 825 1582 tempore,
854 1525 912 1581 quo
942 1507 1056 1564 lddirio
1075 1508 1146 1585 legis
1166 1507 1335 1564 Frisiorum
1354 1505 1442 1562 condo-

352 1598 449 1665 batur‚
479 1598 555 1654 conf.
584 1595 705 1672 praelat.
723 1595 779 1670 leg.
800 1593 871 1654 Fris.
892 1614 957 1672 pag.
988 1595 1079 1661 XLII,
1097 1605 1124 1652 el
1145 1597 1209 1653 ride
1229 1615 1308 1672 quae
1328 1595 1361 1652 de
1381 1593 1442 1650 melo

352 1687 449 1745 enimc
478 1687 509 1744 in
530 1694 596 1742 noto
616 1684 664 1743 59.
684 1704 714 1760 p.
735 1683 772 1742 69
800 1683 936 1742 adnotata
969 1693 1046 1742 sunl.
1086 1685 1127 1742 lle
1146 1686 1210 1742 iure
1231 1685 1340 1742 ll'risico
1359 1701 1441 1740 recen·

353 1778 423 1836 licre
454 1776 517 1834 ride
546 1775 625 1833 locos
653 1774 684 1830 in
713 1782 781 1830 nole
811 1771 860 1838 24,
880 1783 909 1830 el
926 1774 958 1830 in
978 1773 1068 1834 Fries.
1087 1774 1235 1832 Wbrterb.
1257 1795 1287 1852 p.
1312 1773 1380 1830 1107
1398 1772 1441 1828 rob

353 1866 470 1924 vocibus
497 1864 634 1922 unwelde
652 1871 680 1920 el
700 1865 826 1920 unwille
843 1862 984 1922 laudatos.
1023 1864 1066 1921 Ex
1084 1865 1198 1941 legibus
1218 1866 1345 1922 eliorum
1364 1880 1439 1939 popu·

351 1955 447 2012 lorum
468 1953 701 2012 Germanicorum
722 1951 813 2008 affero
832 1953 992 2028 capitulum
1013 1951 1032 2008 5
1052 1953 1204 2011 mulixi!
1225 1956 1299 2031 legis
1319 1950 1439 2025 sarno.

351 2043 463 2102 Merkel
488 2061 513 2101 c.
543 2042 611 2120 59)=
641 2044 670 2097 ei
680 2043 808 2114 serrum
829 2061 921 2098 manu
941 2044 1076 2116 elapsum
1095 2045 1246 2102 hminem
1258 2042 1439 2120 pernocendi·
1492 2111 1493 2116 ἵ

353 2135 391 2190 ob
417 2151 448 2188 eo
477 2133 564 2188 errius
593 2149 717 2186 manum
737 2131 884 2204 jugera.
913 2141 1119 2204 conponatur.
1147 2143 1274 2209 excocto
1286 2133 1401 2207 saleim
1417 2135 1438 2184 el

352 2240 415 2298 cop.
443 2218 463 2278 8
490 2218 534 2276 111.
563 2218 678 2293 Xlegis
699 2218 839 2294 Thuring.
860 2218 918 2292 (ed.
939 2218 1048 2277 Merkel
1070 2220 1106 2286 V.
1128 2221 1175 2293 6):
1198 2225 1254 2298 qni
1275 2224 1380 2283 nolens.
1397 2216 1440 2273 sed
1491 2207 1493 2280 l

352 2329 423 2368 caseo
451 2308 598 2384 quolibet,
628 2309 775 2364 bominem
805 2308 1011 2364 vulneraverit
1040 2312 1087 2366 cel
1115 2312 1286 2371 occiderit.
1315 2307 1437 2382 composi·
1491 2345 1493 2368 !

352 2402 462 2457 tionem
492 2399 662 2472 legitimam
691 2397 811 2464 solvam
840 2405 870 2453 el
899 2395 990 2454 Edict.
1020 2397 1139 2456 Rolhar.
1170 2418 1234 2476 cap.
1264 2398 1331 2458 389.
1378 2393 1436 2454 lide
1492 2431 1493 2462 ,

354 2488 453 2545 wrm.
471 2504 536 2563 pag.
558 2484 624 2543 mr.
645 2483 711 2543 558.
732 2483 799 2543 om.
903 2545 909 2556 ,
1491 2465 1493 2576 l

393 2579 423 2614 ²⁹
467 2574 581 2634 llerold.
600 2583 722 2640 ememor
740 2573 854 2631 emend.
876 2582 961 2632 tenet.

394 2667 424 2703 ³⁰
467 2665 532 2722 ller.
553 2673 770 2738 componentem
789 2682 847 2720 em.
868 2674 1030 2737 conponat.
1489 2595 1492 2734 1

392 2756 422 2792 ³¹
464 2754 509 2813 ef.
528 2762 587 2811 not.
607 2751 654 2810 27.

393 2847 422 2882 ³²
465 2843 551 2902 Puer
580 2845 634 2918 qui
661 2842 794 2899 nondum
828 2839 863 2897 12
894 2860 987 2898 annos
1015 2843 1113 2908 babet.
1132 2843 1152 2900 i.
1171 2863 1197 2901 e.
1216 2864 1293 2921 puer
1311 2840 1434 2918 impube.

349 2936 462 2994 statutis
489 2931 602 2990 Frisicis
630 2931 838 2988 recenlioribus
857 2930 946 2986 latine
965 2931 1078 3006 scriptis
1097 2932 1285 2992 nominatur:
1298 2951 1376 3008 puer
1391 2945 1434 2984 co·

351 3034 470 3100 tequam
490 3023 575 3078 babel
595 3039 699 3084 annos,
719 3018 807 3076 Fries.
829 3018 962 3093 liechtsq.
981 3039 1009 3094 p.
1040 3019 1088 3083 42,
1108 3019 1157 3087 28,
1170 3042 1258 3096 prrer
1278 3029 1309 3096 (o
1321 3017 1432 3084 inland)

350 3117 383 3170 in
398 3133 438 3170 ro
457 3128 549 3168 annos
569 3109 642 3182 (oin
661 3107 793 3184 nnnis’').
811 3107 883 3164 ibid.
903 3127 968 3184 pag.
991 3108 1039 3175 46,
1068 3109 1110 3168 15.
1131 3110 1177 3169 27.
1199 3111 1256 3178 60,
1275 3113 1322 3172 30.
1343 3101 1431 3168 6023,

353 3201 418 3262 137,
445 3199 482 3264 ὃς
496 3216 579 3273 puer
605 3198 693 3271 infra
714 3198 861 3272 legitimos
879 3216 981 3260 annor.
1001 3197 1073 3256 ibid.
1092 3219 1120 3275 p.
1145 3200 1211 3266 104,
1228 3202 1278 3260 32.
1317 3193 1431 3256 libriin

350 3307 482 3348 sermone
511 3285 618 3342 llrisico
648 3283 749 3360 scripti
779 3284 895 3343 dicnnlr
916 3287 958 3344 do
978 3287 1100 3354 kinden.
1119 3293 1226 3348 erleio
1248 3302 1278 3349 to
1297 3285 1431 3348 hioooie

349 3399 414 3438 rem
444 3396 541 3436 concon
571 3377 646 3440 nint,
675 3374 747 3432 ibid.
779 3394 809 3450 p.
840 3373 909 3442 429,
942 3375 994 3440 13;
1025 3379 1117 3436 confi:
1145 3382 1213 3437 rond
1241 3384 1305 3440 tlret
1324 3374 1395 3434 kind
1408 3377 1429 3426 lo

348 3472 448 3527 ierom
479 3484 573 3531 cume,
600 3463 672 3523 ibid.
691 3483 723 3540 p.
744 3463 814 3530 330,
832 3465 880 3524 31.
914 3465 980 3530 196,
997 3466 1051 3532 21;
1072 3488 1106 3524 er
1126 3470 1189 3526 thet
1208 3471 1288 3528 lind
1305 3465 1429 3525 innoc

348 3559 392 3618 rel
420 3560 482 3616 tbet
511 3557 654 3630 unierege
686 3556 769 3620 bern,
786 3554 861 3612 conf.
881 3554 957 3612 locos
976 3555 1078 3614 alleles
1096 3558 1130 3615 in
1149 3557 1239 3619 Fries.
1261 3554 1395 3616 Wbrlerb.
1410 3566 1427 3601 ⁸·

348 3669 376 3708 r.
407 3648 505 3706 iereclo
531 3654 560 3702 et
588 3645 738 3702 uniereclr.
786 3645 882 3702 Aetolo
910 3644 1060 3704 duodecim
1080 3665 1224 3707 concrum
1246 3647 1333 3706 tutele
1350 3644 1428 3714 inpu-

345 3740 450 3796 berum
480 3734 565 3808 (Fris.
598 3735 667 3790 ilriu
694 3733 861 3806 mundokt'p
889 3735 976 3790 thera
1005 3738 1149 3812 unien'go
1169 3738 1313 3808 modom)
1330 3735 1360 3790 in
1376 3729 1427 3784 inst

345 3825 452 3882 Frisico
481 3822 567 3880 finito
596 3830 676 3888 erot3
706 3821 783 3880 conf.
815 3821 904 3880 Friee.
933 3822 1064 3900 lleoblsq.
1091 3845 1121 3902 p.
1142 3825 1211 3893 329,
1234 3827 1278 3887 19.
1298 3821 1348 3884 301
1369 3807 1425 3893 §2⁰

346 3914 404 3990 (rel
423 3912 484 3969 fris.
505 3911 537 3967 in
556 3909 617 3968 MS.
638 3928 702 3966 meo
721 3909 830 3986 Fivelg.
849 3930 880 3986 p.
903 3910 980 3987 ll5).
1002 3910 1069 3978 389,
1088 3913 1136 3972 25.
1156 3914 1224 3982 420,
1243 3916 1263 3975 8
1281 3923 1309 3972 et
1329 3909 1362 3968 14
1381 3897 1425 3976 (rel

344 4003 377 4059 in
407 4000 459 4058 Ms.
489 4019 552 4058 meo
582 3998 688 4074 Firelg.
716 4018 749 4073 p.
768 3998 806 4058 28
825 4008 854 4056 et
873 3997 933 4072 29).
954 3998 1012 4058 244
1031 4011 1090 4060 not.
1115 4004 1138 4060 l.
1179 4006 1220 4064 llo
1241 4007 1301 4063 iure
1318 3999 1422 4058 aliorum

344 4090 517 4169 populorum
546 4088 781 4147 Germanicorum
812 4107 876 4146 cum
899 4089 962 4147 iure
982 4090 1088 4150 Frisico
1107 4098 1358 4158 consentientem
1375 4097 1424 4140 rer·

344 4180 389 4239 bis
417 4179 524 4255 quibus
550 4177 652 4254 populi
680 4177 725 4234 illi
754 4186 887 4245 utuntur,
916 4187 949 4236 ut
967 4188 1089 4239 aetatem
1109 4183 1251 4242 minorem
1271 4174 1421 4258 exprimssl·

338 4288 414 4346 quae
445 4267 483 4325 od
513 4267 602 4325 verbe
631 4266 728 4344 legum
758 4267 932 4326 Frisioarum
965 4281 1141 4348 congruunt,
1171 4274 1235 4332 ride
1255 4274 1343 4332 Kraul
1361 4260 1420 4322 lor·
