3020 5174
432 377 461 441 r
483 393 496 440 1
516 394 548 440 s.
569 375 691 440 xxu.
734 379 748 460 ς
770 377 810 440 es
1123 375 1163 437 rs

91 575 170 640 t-t;
197 575 217 633 l.
247 573 335 632 Thur.
369 571 403 637 t'.
433 569 461 630 5.
490 571 524 636 83
555 571 576 627 1.
607 569 713 629 Saron.
742 569 766 630 l.
799 567 843 626 ll.
867 568 986 634 17-20.
1005 578 1033 628 ct
1052 570 1083 626 in
1103 569 1167 630 iure

90 661 299 742 septentrionali,
329 658 392 719 ride
424 659 522 718 Wilda
551 678 581 735 p.
610 657 677 716 762.
706 658 773 716 767.
820 659 901 716 Aliae
921 677 1024 716 manus
1045 658 1167 716 mulctae

90 753 257 832 reperiuntur
285 749 317 809 in
346 749 367 808 l.
397 748 491 809 Alam.
521 747 601 806 LXII
629 757 656 806 et
686 746 946 824 1.Bai.111.1.§
969 748 1084 808 tt-tt.
1128 751 1169 808 lle

89 842 184 920 poenis,
212 839 316 916 quibus
344 837 458 896 articuli
488 837 644 914 digitorum
673 838 706 895 in
736 834 828 893 Frisia
860 846 952 894 vetere
981 837 1168 910 mulctantur,

90 931 151 988 conl.
171 928 260 987 Addit.
281 928 350 1004 Sap.
370 925 411 993 ll,
430 925 515 986 7-9.

123 1019 149 1052 ⁸¹
189 1016 320 1094 Capitula
349 1015 462 1086 35-44
491 1015 650 1092 loquuntur
680 1013 744 1072 ode
772 1016 894 1074 humore
920 1025 955 1073 ex
980 1017 1100 1077 vulnere
1119 1020 1169 1078 de·

89 1117 319 1183 cur1·eute‚quem
339 1107 439 1163 dicunt
459 1106 645 1183 liduwapi’',
663 1106 684 1163 i.
704 1124 729 1162 e.
748 1105 847 1182 liquor
865 1105 1038 1166 articularis.
1077 1107 1169 1166 Mulc-

90 1207 128 1254 tae
154 1197 183 1252 in
211 1196 246 1253 iis
274 1197 435 1272 propositae
464 1195 626 1258 solvuntur,
653 1194 677 1250 si
706 1194 803 1272 liquor
830 1195 956 1254 decurrit
986 1215 1021 1254 ex
1040 1197 1169 1256 articulis

89 1282 194 1360 singulis
222 1279 419 1350 brachiorum,
448 1303 589 1342 manuum
609 1292 636 1341 et
655 1283 825 1359 digitorum.
843 1293 872 1342 et
889 1287 928 1342 ab
946 1304 1006 1343 uuo
1026 1287 1119 1344 solido
1136 1288 1170 1344 in

89 1381 197 1446 quatuor
225 1373 331 1432 solidos
360 1373 503 1452 gradatim
523 1371 698 1435 ascenduntt
717 1372 833 1430 eaedem
853 1373 976 1432 mulctae
995 1376 1027 1432 iu
1046 1376 1169 1452 pedibus

89 1461 233 1529 solruntur,
262 1473 296 1520 ut
323 1462 354 1519 in
383 1462 509 1540 capitulo
538 1461 575 1520 64
606 1461 683 1518 tituli
712 1460 794 1518 XXII
822 1463 1009 1522 constitutum
1028 1473 1080 1522 est.
1119 1464 1169 1524 Ius

89 1549 182 1609 dietum
200 1561 296 1609 autem
316 1551 442 1628 capitulo
463 1549 500 1608 32
522 1550 595 1607 tituli
616 1548 660 1607 lll
683 1548 840 1613 Additionis
860 1551 930 1627 Sap.
949 1553 991 1608 ita
1011 1561 1053 1612 est
1071 1573 1173 1614 eman.

89 1639 184 1706 datum,
215 1650 246 1698 ut
274 1639 373 1716 liquor
400 1640 562 1699 articularis
591 1639 624 1696 in
653 1638 789 1696 omnihus
808 1637 937 1697 articulis
957 1650 1029 1699 »ter
1047 1653 1171 1718 quatuor

88 1729 171 1788 solidis
196 1734 416 1806 componatur'’.
464 1728 504 1786 lle
532 1747 565 1786 co
584 1728 662 1804 quod
682 1727 788 1785 bacin
807 1747 838 1785 re
857 1728 929 1785 iuris
948 1732 1060 1788 eratin
1079 1732 1172 1791 Frisia

48 1883 50 1892 .
89 1827 200 1896 tempore
226 1817 396 1883 recentiore,
425 1818 489 1878 ride
519 1817 608 1875 Fries.
638 1816 783 1875 Wbrterh.
811 1836 840 1893 p.
862 1816 919 1875 906
938 1818 993 1876 sub
1013 1837 1078 1880 roco
1097 1825 1172 1880 titt-

89 1909 156 1976 wet',·
182 1927 256 1985 quae
288 1905 451 1965 vulneratio
480 1915 597 1965 rooatnr
626 1907 659 1962 in
685 1906 748 1962 iure
768 1906 994 1983 Anglosaxoaico
1014 1898 1171 1975 lib-ceco:

89 2009 169 2074 mend,
193 2006 264 2101 poet
294 2005 367 2102 poet
395 1995 520 2072 liiieeco
546 2012 668 2085 utjtooa
695 2007 717 2066 l.
745 2007 864 2067 tatfrid.
883 2026 908 2068 c.
929 2007 967 2066 53
986 2009 1032 2069 ed.
1052 2011 1171 2071 Schmid

123 2184 149 2220 ⁸²
189 2184 251 2244 Vox
282 2186 461 2263 le'du-wapi⁹
477 2189 509 2244 in
528 2186 590 2263 lege
609 2185 772 2244 Frisionnm
790 2185 885 2252 XXII,
905 2186 942 2244 35
961 2197 989 2245 et
1008 2190 1083 2250 Add.
1103 2193 1172 2271 Sap.

90 2273 134 2339 111,
160 2273 196 2333 32
223 2276 346 2352 scripta,
371 2275 410 2333 ad
439 2278 559 2334 verbum
588 2275 622 2332 in
642 2276 796 2333 dialectum
816 2278 982 2336 theotiscam
1002 2279 1172 2340 hodiernam

89 2381 219 2430 conversa,
243 2373 288 2422 est
318 2365 518 2442 plied-wopen
546 2365 728 2439 (articulares
758 2363 887 2440 fluctus),
917 2367 964 2422 rel
985 2376 1015 2424 ut
1033 2369 1173 2428 hodierno

88 2460 200 2530 tempore
219 2453 345 2511 dicimus
362 2454 585 2529 glicduceoee,
625 2454 687 2515 Vox
707 2453 755 2512 tid
774 2455 963 2530 (membrum)
987 2457 1122 2514 scribitur
1141 2459 1174 2516 in

89 2541 148 2601 dial.
165 2543 250 2602 theot.
272 2563 338 2618 sup.
359 2552 414 2601 ret.
434 2544 491 2608 liet,
509 2563 627 2620 perraro
648 2545 718 2607 titt.
736 2543 812 2601 conf.
832 2542 915 2602 Graff
933 2543 973 2602 ΙΙ.
993 2564 1024 2620 p.
1047 2545 1118 2612 189,
1140 2547 1172 2604 iu

88 2629 148 2692 dial.
164 2632 304 2708 poematis
323 2632 444 2689 lleliand
457 2634 514 2697 tid.
525 2634 603 2698 etot,
623 2635 694 2698 titt,
713 2632 873 2691 Schmoller
893 2631 981 2691 Gloss.
1001 2635 1105 2712 Sax.p
1118 2635 1174 2704 723

89 2719 116 2776 in
141 2721 206 2779 dial.
226 2721 302 2778 Fris.
332 2721 526 2780 transiierana
545 2731 651 2779 recent.
672 2722 743 2786 titt,
760 2723 832 2785 tart.
852 2722 909 2785 ted,
931 2721 980 2778 led
998 2723 1084 2782 ll'ries.
1110 2725 1174 2785 Wb.

89 2795 475 2886 Ρ.9053116810511.11ῧ,·
505 2809 613 2867 lsland.
644 2796 725 2874 li’Sr.
769 2809 832 2868 Vox
852 2829 924 2884 wag
949 2810 1079 2886 (fluctus)
1104 2815 1175 2870 scri-

89 2897 157 2955 bitur
182 2901 212 2956 in
232 2898 307 2959 dial.
327 2901 413 2960 theot.
432 2919 497 2977 sup.
516 2908 571 2957 ret.
590 2907 618 2955 et
638 2899 713 2956 med.
735 2916 817 2974 cong.
836 2917 902 2956 noue
922 2898 1005 2956 Graff
1021 2899 1047 2958 Ι.
1066 2921 1095 2977 p.
1118 2901 1175 2962 663

89 2994 112 3042 et
135 2987 179 3047 W.
205 2988 316 3048 Mtiller
342 2986 412 3046 Wb.
443 2987 498 3046 111.
520 3009 551 3066 p.
572 2985 646 3051 6453
666 2988 699 3044 in
717 2985 786 3046 dial.
807 2987 945 3064 poematis
964 2988 1085 3046 lleliaud
1105 3010 1175 3070 wop

90 3073 235 3134 Schmeller
265 3077 356 3135 Gloss.
386 3077 453 3136 Sar.
483 3097 512 3154 p.
546 3075 615 3141 123;
644 3077 677 3134 in
706 3076 776 3134 dial.
806 3075 879 3135 Fris.
903 3079 1175 3141 transmutemur.

90 3167 137 3220 wei
162 3165 261 3242 (genit.
292 3169 396 3243 torpes)
417 3164 505 3224 Fries.
532 3166 600 3224 Wb.
629 3186 659 3242 p.
683 3166 753 3224 1131
775 3175 804 3223 et
823 3165 898 3230 9063
917 3166 1069 3242 Anglcsau,
1090 3191 1177 3246 oaeg,

89 3271 153 3328 oep,·
181 3255 281 3312 island
322 3275 408 3333 oopr.
455 3254 492 3313 ln
520 3258 609 3314 rerbo
639 3259 793 3333 composito
813 3256 981 3332 lida-wogi
999 3257 1069 3334 legis
1088 3259 1177 3317 trist-

89 3359 166 3400 orum
194 3345 292 3402 iorma
319 3345 393 3401 rocis
421 3348 508 3420 avogi
537 3345 616 3402 haud
642 3345 796 3423 respondet
815 3345 936 3401 dialecto
956 3346 1063 3403 Frisiae
1082 3356 1177 3406 trans·

90 3429 224 3498 herenaee
252 3436 287 3490 in
317 3432 410 3496 libris.
439 3435 490 3509 qui
518 3433 551 3491 in
580 3433 681 3490 eadem
699 3441 767 3490 sunt
785 3433 894 3510 scripti.
912 3433 1048 3510 leguntur
1066 3435 1179 3495 formae

90 3537 162 3596 crepo
182 3523 225 3580 rel
245 3541 364 3597 coegere,
382 3541 484 3598 wegen
503 3523 636 3599 (undae),
654 3521 728 3580 coni.
749 3520 837 3578 Fries.
857 3521 925 3578 Wb.
945 3539 977 3598 p.
996 3521 1070 3587 906;
1091 3529 1177 3600 wago·

90 3604 199 3685 (undae)
226 3611 329 3668 eadem
358 3610 433 3669 rocio
462 3621 504 3668 est
533 3613 637 3676 forma.
655 3629 714 3687 qna
735 3618 856 3666 utuntur
874 3607 944 3666 libri
962 3609 1060 3685 scripti
1079 3611 1111 3668 in
1131 3612 1177 3669 di·

89 3695 168 3755 alecto
196 3700 333 3758 theotisca
360 3701 505 3777 superiore
532 3709 635 3764 vetere,
664 3699 739 3757 conf.
768 3697 852 3757 Graff
877 3697 901 3756 l.
920 3718 950 3774 p.
979 3697 1047 3764 663.
1065 3719 1099 3758 ae
1118 3721 1176 3760 res·

90 3787 183 3858 pendet
200 3789 314 3846 formae
335 3809 436 3848 vocum
454 3809 529 3866 quae
548 3789 648 3847 eodem
667 3789 699 3846 in
719 3807 785 3847 casn
805 3784 1035 3846 inreuiunturin
1045 3799 1175 3866 poemate

90 3871 211 3942 leland,
239 3878 316 3936 conf.
347 3878 508 3938 Schmeller
537 3879 581 3940 ot.
612 3880 680 3939 Sex.
711 3899 741 3956 p.
774 3877 838 3937 173.
887 3878 996 3935 Littera
1017 3899 1039 3936 u
1058 3881 1090 3936 in
1110 3899 1177 3938 roco

89 3967 233 4039 composita
261 3968 414 4045 lide-wop
433 3977 475 4026 est
493 3969 610 4033 roralis,
628 3987 686 4045 qua
704 3967 919 4044 compositiones
938 3964 1090 4030 verborum
1108 3969 1178 4046 plu-

89 4050 170 4110 rimae
198 4055 230 4112 in
268 4055 389 4115 dialecto
423 4059 562 4135 poematis
599 4057 723 4114 lleliand
751 4057 916 4114 formantur
944 4056 1036 4128 (verbi
1066 4059 1180 4134 gratiae

89 4140 277 4210 litio-heredi,
306 4144 524 4212 lidae-eoustcm,
552 4147 755 4224 godo-wetti.
783 4145 977 4222 tapso-statae,
994 4147 1072 4217 etc),
1091 4153 1183 4223 atque

87 4228 180 4289 cadem
207 4233 271 4290 loeo
300 4235 412 4293 litterae
441 4257 463 4294 a
492 4237 672 4313 frequentius
690 4234 814 4294 occurrit
832 4234 938 4316 legenti
957 4233 1046 4292 libros
1066 4235 1097 4300 in
1116 4233 1174 4304 dias
