3020 5174
729 465 799 510 Lux
821 461 1026 512 uulslouuu.

702 666 1000 736 SAXMUNDUS
1020 673 1061 733 ⁵2.

751 873 876 939 TIT
902 872 953 938 Vl
971 877 1014 938 ⁵³.

659 1099 708 1146 us
732 1098 893 1146 suumuu
918 1095 1108 1146 ossssuso.

380 1287 418 1350 St
441 1287 508 1370 quic
531 1287 564 1350 iu
577 1286 711 1372 flumine
734 1287 818 1350 uiam
836 1285 995 1371 publicam
1021 1285 1194 1364 occluserit,
1218 1285 1298 1350 XII
1324 1286 1429 1352 solidos

327 1406 505 1478 componat.

722 1750 1041 1819 WULEMARUS.

736 1955 766 2022 Τ
792 1958 810 2021 Ι
835 1958 875 2026 Τ.
898 1957 968 2023 VII
987 1963 1029 2022 ⁵4.

651 2183 700 2228 uu
724 2183 839 2231 susus
863 2183 1043 2232 suemus
1070 2170 1111 2230 55.

379 2361 415 2430 Si
449 2385 579 2444 servus,
605 2374 661 2429 aut
685 2364 817 2443 ancilla,
842 2379 898 2429 aut
923 2387 1043 2451 equus,
1067 2378 1124 2429 aut
1149 2365 1223 2444 bos,
1247 2379 1308 2431 aut
1333 2363 1426 2452 quod·

331 2471 409 2538 libet
441 2470 575 2551 animal,
606 2470 733 2558 fugiens
765 2469 929 2536 domiuum
961 2493 1073 2550 suum,
1107 2471 1146 2536 ab
1174 2471 1236 2536 elio
1259 2471 1362 2538 fuerit
1384 2494 1425 2534 re·

330 2587 479 2665 ceptum,
511 2587 543 2641 et
575 2576 743 2661 quaerenti
775 2575 903 2640 domiuo
933 2587 1102 2664 negatum,
1131 2579 1307 2643 etiterum
1335 2577 1425 2664 depu-

330 2683 502 2764 blicatum,
536 2682 652 2749 reddat
687 2693 743 2746 sut
779 2683 884 2770 ipsum
927 2682 1015 2768 quod
1052 2683 1211 2771 suscepit,
1248 2695 1306 2749 aut
1348 2679 1425 2749 aliud

331 2790 452 2869 simile,
493 2788 544 2854 vel
583 2790 724 2877 pretium
742 2792 773 2837 ⁵⁶
798 2789 886 2868 sius,
925 2797 958 2854 st
996 2811 1055 2875 pro
1094 2788 1181 2855 furto
1222 2789 1426 2878 weregildum

331 2919 425 2962 suum
450 2893 492 2962 ad
515 2906 638 2981 purtem
662 2896 748 2982 regis
773 2904 950 2982 componat.

728 3245 757 3310 Τ
782 3245 799 3310 I
824 3245 853 3310 T
877 3246 968 3312 VIII
986 3250 1028 3314 ⁵⁷.

703 3469 751 3515 uu
775 3468 993 3518 muuouusus
1011 3456 1053 3515 55.

868 3678 891 3723 1.

377 3762 413 3830 Si
444 3763 517 3847 quis
539 3757 573 3826 iu
605 3764 722 3848 pIgnus
753 3765 931 3850 susceperit
967 3775 1188 3845 autservum,
1213 3778 1424 3856 autequam,

331 3879 364 3934 et
394 3868 447 3932 ille
478 3887 591 3932 servus
616 3867 748 3953 aliquod
773 3868 924 3934 damnum
949 3870 993 3937 stsi
1017 3871 1148 3951 feccrit,
1180 3873 1222 3938 ad
1245 3874 1338 3942 illum
1362 3894 1423 3962 per·

330 3973 431 4038 lineat
461 3973 554 4041 cuius
586 3995 700 4041 servus
723 3985 785 4053 est,
810 3998 872 4040 nou
898 3976 941 4042 ad
964 3977 1053 4044 illum
1078 3978 1133 4064 qui
1158 4003 1232 4044 eum
1257 3981 1291 4046 iu
1316 3984 1422 4070 pignus

330 4079 483 4165 suscepit.

861 4207 898 4253 11.

375 4290 409 4359 si
433 4314 511 4357 vero
528 4291 678 4377 quislibet
694 4315 822 4359 servum
839 4293 970 4360 ulterius
986 4319 1044 4382 per
1057 4297 1121 4362 vim
1137 4297 1267 4363 sustulit
1291 4296 1425 4385 pignoris
