3020 5174
305 410 348 475 ot
536 393 566 470 'l‘
587 421 601 466 1
622 420 654 466 r.
674 395 791 466 XVII.
834 384 1208 479 §2-T1r.xv111.

304 606 380 684 regis
410 598 596 662 Frsuoonioir
629 615 647 652 n
680 608 747 669 rege
777 597 804 646 et
834 588 907 645 duce
936 586 1010 664 regis
1041 581 1128 660 legati
1158 579 1349 639 mittebantur
1379 579 1415 635 in

307 713 394 775 pagos
424 690 542 755 Frisios,
571 686 636 747 sicle
656 702 721 760 oep.
741 679 780 744 33
798 685 909 737 curtem
938 675 1019 733 ducis
1045 670 1227 733 Franooniei‚
1257 669 1290 724 iu
1319 667 1415 725 lirinis

305 782 476 844 habitantis.
507 781 711 836 commemorat
740 763 940 846 capitulumt
970 765 1014 823 tit.
1035 759 1138 826 xvl13
1158 760 1195 817 dc
1215 757 1339 815 ducibus
1357 776 1411 813 au-

306 884 363 933 tem
393 870 513 934 Frisium
541 876 670 943 tempore
700 857 801 917 Karoli
831 854 940 932 Magni,
970 852 1057 911 verbe
1085 849 1140 909 feci
1169 849 1201 905 in
1231 846 1416 924 praefatione

304 985 335 1043 p.
355 958 500 1020 xxxvii.

350 1049 380 1086 ³¹
423 1068 440 1102 o
460 1046 493 1105 Si
522 1045 588 1119 quis
617 1041 650 1098 in
679 1035 796 1096 eoelesie
823 1042 874 1091 snt
896 1033 932 1108 'iu
952 1030 1027 1088 atrio
1045 1027 1178 1086 eeclesiae
1197 1026 1346 1082 homiuem
1365 1043 1415 1082 oc-

306 1137 441 1202 ciderit”‚
469 1133 558 1192 solist
588 1127 742 1188 heredibus
770 1121 854 1180 oooisi
884 1117 1076 1196 weregeldum
1104 1117 1165 1174 eius
1194 1115 1292 1172 novies
1310 1133 1415 1190 sump-

306 1239 383 1292 tum.
410 1233 439 1282 et
469 1222 529 1299 regi
558 1218 673 1278 fredum
704 1213 801 1273 novies
820 1214 998 1288 sumptum.”
1021 1205 1100 1265 udde
1121 1205 1166 1262 his
1177 1205 1271 1262 verbis
1282 1201 1415 1281 capitula

312 1319 325 1376 l
346 1325 375 1376 et
394 1314 413 1373 2
432 1312 511 1371 tituli
530 1310 544 1369 1
564 1307 657 1368 tdd.=
677 1308 762 1364 imno
771 1301 918 1377 faidosus
932 1317 1040 1374 pacem
1059 1297 1166 1354 lrabeat
1185 1297 1219 1350 in
1241 1295 1379 1350 ecclesia.
1392 1328 1418 1355 ..

309 1409 354 1466 ed
382 1403 533 1464 ecclesiam
562 1397 669 1460 eundo.
696 1394 733 1451 de
763 1393 883 1450 ecclesio
913 1387 1120 1452 redcecndo..,·
1139 1387 1193 1460 qni
1212 1385 1291 1441 lonc
1303 1399 1417 1457 pacem

310 1495 476 1574 effregerit,
506 1498 533 1546 et
554 1488 701 1546 hminem
721 1481 875 1545 occiderit,
894 1479 993 1534 novies
1013 1475 1051 1534 30
1070 1474 1180 1531 solidos
1198 1479 1368 1546 conponat.
1388 1471 1418 1525 si

309 1582 528 1643 vulneraverit,
558 1578 656 1634 novies
689 1570 723 1629 12
754 1569 863 1628 solidos
883 1573 1037 1642 conponat
1056 1564 1100 1620 aci
1112 1571 1238 1639 portem
1257 1563 1367 1636 regis,·
1388 1567 1418 1614 et

309 1674 385 1732 oonf.
405 1673 449 1729 tit.
470 1669 506 1729 V.
524 1668 580 1742 leg.
600 1662 692 1721 Friss
711 1662 776 1718 sine
796 1658 1001 1732 compositione
1020 1653 1118 1711 occidi
1130 1659 1242 1726 potest.
1256 1693 1264 1710 .
1276 1651 1344 1725 ,qni
1355 1652 1418 1724 so-

310 1783 382 1822 num
412 1759 545 1840 effregit,
566 1762 595 1812 et
622 1753 665 1810 tit.
685 1748 726 1808 XI
746 1746 838 1812 Ado..
858 1747 911 1822 qni
922 1748 1038 1819 sanum
1057 1743 1223 1822 effregerit,
1243 1747 1271 1795 et
1290 1741 1336 1794 ibi
1355 1737 1419 1795 ali·

311 1853 389 1932 quid
406 1851 443 1908 de
462 1848 560 1905 sacris
579 1843 697 1903 tulerit.
716 1846 767 1896 eto.
807 1836 850 1894 nx
869 1833 934 1890 aliis
952 1833 1065 1909 legibus
1085 1827 1261 1889 Germanicis
1272 1825 1418 1884 afferamr

310 1961 374 2020 cap.
395 1939 431 1996 de
451 1943 526 2015 part.
561 1931 629 1990 Sex.
648 1949 675 1986 n.
697 1925 753 1986 785
776 1925 817 2000 (P)
837 1942 861 1982 c.
885 1923 916 1987 33
939 1923 995 1998 leg.
1016 1921 1083 1979 Sex.
1104 1918 1152 1980 ed.
1169 1915 1291 1982 Merkel,
1311 1915 1324 1992 ξ
1344 1913 1417 1978 21.;

311 2033 367 2107 leg.
394 2028 459 2104 Rip.
490 2021 551 2086 Lx,
571 2020 607 2085 83
627 2012 865 2094 leg.Alem.1V.
906 2010 979 2070 Vide
999 2008 1100 2067 wilda
1117 2027 1147 2088 p.
1170 2005 1228 2064 248
1247 2015 1276 2063 et
1295 2005 1330 2061 de
1349 2005 1419 2061 iure

312 2119 385 2176 Fris.
405 2120 523 2175 recent..
541 2126 638 2167 vocem
661 2104 847 2180 locrio-fretho
865 2101 897 2158 in
919 2101 1008 2158 Fries.
1029 2097 1098 2156 Wb.
1119 2115 1147 2172 p.
1167 2093 1235 2154 864.

356 2205 386 2240 ³⁸
428 2201 578 2276 legatum
597 2197 681 2271 rogis
710 2195 757 2251 uel
786 2192 885 2254 ducis,
915 2189 991 2246 oouf.
1021 2195 1079 2244 not.
1102 2184 1139 2242 30
1159 2204 1188 2261 p.
1208 2183 1256 2248 63,
1285 2193 1313 2240 et
1339 2183 1418 2258 Gap.

314 2296 381 2355 Sex.
393 2288 486 2352 etot
507 2306 531 2346 o.
550 2284 662 2360 73103.
683 2282 744 2341 sal.
763 2279 843 2344 xlv,
861 2277 880 2334 4
900 2276 957 2353 (ed.
978 2275 1122 2350 Merkel)3
1142 2275 1199 2356 leg.
1224 2273 1314 2330 llam.
1324 2270 1419 2328 XXX.

356 2382 387 2419 ³*
430 2378 492 2458 Qui
520 2395 613 2433 nenne
642 2373 763 2431 collecto
784 2369 936 2427 hostiliter
954 2367 1062 2424 uillam
1081 2365 1128 2422 uel
1144 2364 1266 2424 dunum
1285 2363 1420 2418 atterens

311 2468 562 2534 circumdederit,
589 2462 721 2520 restituat
749 2457 902 2535 possessori
930 2455 1015 2512 villae
1044 2453 1184 2510 damnum
1214 2451 1336 2527 duplum
1354 2449 1420 2524 (vel

310 2561 435 2638 ‚simplex
463 2573 498 2612 ex
528 2555 591 2629 lege
618 2549 726 2608 Frisine
755 2543 914 2620 orientalis)
945 2541 1021 2619 quod
1051 2542 1165 2608 iecerit,
1188 2550 1216 2597 et
1244 2539 1334 2596 solvat
1351 2539 1420 2614 regi

314 2644 505 2725 weregeldum
535 2659 621 2699 suum
651 2639 714 2696 loeo
743 2633 838 2700 fredit
860 2641 1010 2711 praeterea
1029 2639 1127 2690 eutem
1147 2629 1214 2688 socii
1234 2631 1307 2694 eius,
1336 2628 1419 2703 oqui

312 2738 414 2798 *tillem
444 2733 489 2793 vel
518 2731 637 2791 domum
667 2725 786 2784 alterius
815 2721 1069 2786 circumdederit'’‚
1095 2719 1205 2779 solvent
1232 2717 1347 2775 fredum
1383 2715 1421 2774 12

309 2827 482 2888 solidorum.
532 2816 735 2894 Weregeldum
765 2813 827 2870 looo
855 2830 964 2889 poenae
984 2803 1112 2886 capitalis
1131 2807 1192 2884 regi
1211 2807 1337 2865 solutum
1356 2823 1420 2862 esse

315 2917 491 2983 domonstrat
509 2910 557 2967 lex
576 2908 644 2967 Sex.
674 2903 731 2968 ΙΙΙ,
750 2901 769 2958 4
788 2901 846 2978 (cd.
867 2899 978 2958 Merkel
994 2897 1064 2973 27)ε
1084 2898 1139 2974 qui
1160 2898 1308 2954 honinem
1319 2914 1420 2970 prop·

317 3013 364 3063 ter
385 3001 516 3077 saidam
544 2999 577 3053 in
601 2993 736 3069 prmoria
758 2990 845 3048 dono
864 2989 1020 3053 occidwit,
1037 2989 1135 3061 capite
1147 2987 1314 3060 pernicior.
1354 2983 1419 3040 Cri·

317 3113 396 3159 men,
425 3091 462 3147 de
491 3105 549 3163 quo
570 3083 670 3141 titulus
688 3079 763 3156 regis
782 3078 946 3136 Frisiorum
966 3079 1054 3136 verbe
1075 3076 1154 3143 feeit,
1174 3077 1206 3132 in
1225 3076 1289 3131 iure
1309 3071 1419 3129 Frisiae

317 3179 474 3241 recentiore
505 3175 615 3230 dictum
644 3178 686 3228 est
717 3167 917 3241 lomekeugm
945 3166 1019 3224 oeni.
1052 3165 1142 3223 Fries.
1162 3164 1232 3222 Wb.
1250 3184 1282 3241 p.
1302 3161 1370 3227 796.
1389 3169 1419 3218 et

318 3273 343 3330 is
373 3290 391 3324 o
410 3267 461 3343 qui
488 3271 594 3321 ceteros
624 3257 763 3318 adomim
786 3255 955 3314 nominatur
975 3255 1124 3330 hesding,
1143 3253 1218 3312 oeni.
1238 3251 1331 3315 Fries.
1349 3250 1418 3308 Wb.

316 3381 346 3439 p.
376 3356 444 3416 799.
484 3353 558 3416 Vide
578 3351 615 3409 de
633 3349 732 3408 eodem
752 3346 873 3405 crimine
891 3345 984 3422 legem
1007 3345 1147 3420 Thuriug.
1168 3342 1206 3410 Χ,
1227 3343 1246 3401 9
1266 3341 1325 3418 (ed.
1345 3339 1419 3398 Mer·

318 3449 366 3506 trel
396 3467 427 3524 p.
470 3443 505 3502 10
532 3441 586 3498 lin.
616 3438 647 3516 5)
677 3447 705 3498 et
733 3435 867 3498 Edictum
897 3433 1030 3494 liothsris
1061 3432 1110 3498 49,
1140 3443 1168 3494 et
1205 3431 1281 3493 conf.
1321 3427 1418 3489 witta

318 3528 593 3618 pfflmffi

318 3620 321 3624 ’
360 3627 391 3662 ³⁵
433 3623 499 3681 ller.
518 3639 585 3697 quo.

362 3714 393 3751 ³⁸
435 3711 502 3769 lier.
521 3713 604 3768 oltra
625 3708 659 3763 in
670 3725 684 3774 ;
704 3704 865 3762 Liudcnbr.
884 3702 997 3760 emend.
1018 3703 1112 3761 uitro.

362 3801 393 3838 θ’
436 3799 532 3858 Verba
551 3798 638 3854 vetere
658 3794 816 3852 Mccbocloi
835 3794 956 3850 veroin
973 3793 1167 3866 simplorum
1187 3789 1282 3847 verbis
1302 3787 1419 3866 capituli

320 3887 553 3953 antecedentibus
583 3882 708 3941 maxime
737 3881 901 3946 coniuncte,
927 3881 1066 3940 accedunt
1093 3879 1236 3959 opinioni,
1261 3877 1419 3955 capitulum

320 3986 459 4057 quartum
487 3991 578 4050 aeque
607 3979 694 4047 atque
723 3988 840 4027 omnem
869 3968 987 4028 titulum
1017 3967 1101 4029 XVII
1130 3976 1193 4045 post
1222 3987 1336 4026 annum
1365 3964 1419 4024 785

323 4061 460 4144 scriptam
479 4083 549 4129 esse,
568 4080 626 4139 quo
647 4055 770 4118 Kerolm
789 4057 829 4117 Μ.
851 4058 972 4116 Frisium
993 4057 1161 4116 orientalem
1180 4056 1311 4115 subiecit.

365 4155 395 4194 ³⁸
439 4154 479 4211 lle
508 4151 670 4212 venditione
699 4147 852 4207 hominnm
881 4147 1039 4206 liberorum
1070 4154 1178 4204 »extre
1195 4149 1342 4224 petriem”
1363 4141 1418 4202 dis-

320 4255 402 4335 putat
431 4241 533 4308 titulus
562 4238 631 4298 xxi
661 4238 731 4320 legis
760 4234 853 4302 urire
882 4236 927 4298 ius
960 4235 1120 4296 Frisionnm
1150 4233 1280 4296 concedit
1300 4233 1418 4295 dominis
