3098 5176
370 373 480 425 XXXII
798 373 870 424 IAEX
890 375 1096 426 amsloltctt.

372 582 454 670 legis
491 581 621 646 nomino
661 578 719 668 (=
742 576 832 668 111);
873 578 1090 646 examinemus
1113 579 1247 647 alteram
1271 591 1394 668 partem
1425 605 1462 652 cx

371 709 445 754 maa
476 687 624 774 opinione
655 685 721 774 legi
747 684 986 772 antiquissimae
1010 683 1210 766 additornm,
1236 707 1332 777 quam
1355 710 1461 754 seeun-

370 791 447 858 dam
471 793 569 857 totius
591 791 674 879 'legis
698 791 826 856 nomino
852 791 909 879 (=
933 788 996 879 ΙΙ).

419 895 494 962 Non
524 895 621 962 video
653 896 738 961 viros
771 895 899 974 doctos,
923 895 980 980 qui
1004 895 1044 961 ds
1068 895 1139 982 legs
1163 895 1191 959 F
1193 898 1347 965 risionum
1372 898 1462 983 scrip·

368 1001 482 1081 serint,
505 1001 589 1066 hanc
612 1000 692 1090 legis
714 1012 838 1088 partam
864 1000 922 1088 (τ
936 999 989 1088 11>
1014 1023 1176 1086 separasse
1193 1023 1212 1066 a
1228 1003 1331 1088 prima
1356 1002 1413 1089 (=
1426 1001 1463 1090 Ι),

368 1129 472 1194 squam
507 1107 636 1172 nomino
666 1106 771 1192 legem
803 1105 1073 1192 antiquissimam
1104 1129 1205 1191 quum
1236 1129 1315 1173 vero
1348 1107 1463 1195 singula

369 1211 516 1300 capitula
554 1211 634 1298 legis
674 1211 874 1291 Frisionuml,
913 1209 1076 1276 additione
1111 1211 1290 1298 sapientum
1326 1213 1462 1292 exclusa,

375 1315 474 1404 quam
503 1316 740 1383 accuratissima
771 1317 855 1382 inter
886 1338 920 1380 se
951 1337 1151 1402 comparem,
1184 1339 1222 1382 eo
1252 1315 1412 1396 adducor,
1434 1328 1463 1380 ut

375 1422 511 1490 candem
546 1437 725 1511 agnoscam.
770 1421 846 1488 Lex
883 1422 1102 1508 antiquissima
1137 1422 1196 1510 (²⁹-
1227 1422 1260 1511 I)
1297 1425 1397 1489 solam
1420 1445 1462 1488 rs·

367 1527 470 1616 ¹spicit
493 1527 630 1594 Frisiam
657 1526 815 1607 mediam,
846 1535 945 1613 atque
975 1527 1080 1597 omnia
1111 1528 1180 1594 eins
1208 1528 1308 1594 verba
1331 1531 1377 1594 ita
1399 1536 1463 1594 sunt

369 1643 548 1720 ‹concepta‚
583 1643 621 1698 nt
655 1653 694 1698 aa
728 1632 847 1722 legenti
876 1630 1007 1699 cretione
1030 1631 1126 1698 liccat
1149 1641 1227 1702 tune
1249 1633 1336 1702 hano
1358 1632 1461 1712 solam,

370 1759 483 1827 neque
514 1737 700 1806 onientalem
730 1738 784 1804 vel
815 1737 1044 1804 occidentalem
1076 1737 1214 1806 Frisiam
1237 1737 1347 1804 fuisse.
1392 1737 1462 1824 Legi

370 1855 485 1910 *autem
509 1843 764 1929 antiquissimae,
787 1843 838 1914 his
861 1842 968 1909 verbis
993 1843 1188 1922 declaratae,
1212 1844 1355 1930 capitula
1377 1865 1462 1930 quaa

335 1751 353 2076 l
370 1950 450 2016 -dam
475 1957 551 2013 sunt
573 1948 694 2012 inserta
715 1945 769 2013 vel
780 1945 903 2026 addita,
920 1967 1058 2034 quonum
1074 1947 1229 2014 nonnulla
1244 1949 1294 2016 ius
1311 1957 1463 2036 exponunt

310 2024 320 2137 i
374 2049 562 2122 It'risionum
586 2051 789 2121 orientalium
825 2051 877 2119 vel
912 2051 1158 2118 occidentalium
1190 2075 1212 2118 a
1247 2053 1319 2120 iure
1354 2052 1463 2118 Frisios

312 2146 322 2259 ᾗ
354 2191 355 2196 ¹
379 2156 504 2225 mediae
535 2157 716 2237 diversam,
741 2157 802 2222 alia
826 2167 934 2223 autem
957 2157 1109 2224 mendant
1131 2159 1182 2228 ius
1206 2157 1332 2224 Frisiae
1355 2157 1463 2223 modias

313 2274 326 2377 ξ
379 2265 412 2329 in
443 2261 517 2350 la'ge
544 2261 769 2348 antiquissima
800 2262 982 2341 conditum3
1010 2263 1233 2350 capitula
1268 2263 1384 2331 haec
1415 2271 1483 2326 at¹

316 2420 322 2434 2
379 2391 468 2458 qua
502 2367 597 2434 iila
636 2367 911 2436 conficiant
949 2378 1132 2455 partem
1171 2368 1299 2456 legis
1348 2387 1462 2455 quan

374 2461 485 2543 ¹tiico
522 2473 1048 2561 secundam„(-H),oui
1088 2473 1390 2544 adnumerans
1418 2473 1462 2535 lo

373 2600 456 2654 (cos
480 2577 607 2666 legis
642 2589 920 2664 sequentes:

472 2685 522 2750 tit.
552 2680 619 2749 ΙΙΙ.
652 2705 680 2748 c.
713 2683 743 2755 8.
777 2685 796 2748 9
827 2682 927 2770 (quae
951 2684 1092 2770 capitula
1114 2685 1165 2749 ius
1189 2683 1314 2749 Frisiae
1345 2683 1462 2749 ortena

371 2791 420 2868 Qlis
442 2788 621 2876 explicant,
645 2798 676 2852 st
700 2787 809 2853 addita
833 2789 973 2854 suntad
998 2810 1066 2879 cap.
1093 2790 1192 2856 1—7.
1216 2789 1265 2855 tit.
1288 2785 1373 2871 III.)

472 2894 521 2966 tit.
556 2891 619 2958 IV.
654 2915 682 2958 c.
717 2894 808 2957 2-8
844 2890 1014 2984 (Capitula
1050 2893 1159 2959 addita
1190 2893 1333 2959 suntad
1357 2888 1462 2977 canl·

370 2999 427 3073 sit.
458 2998 525 3076 1V;
561 2995 643 3062 conf.
677 2997 794 3063 varba=
825 2997 976 3065 Similiter
1004 3008 1082 3076 eto.;
1107 3001 1161 3064 hoc
1185 3001 1265 3070 inter
1287 2997 1463 3072 Loubaoitt

380 3103 555 3191 &inffatam
578 3111 656 3179 etc.;
680 3115 765 3166 traca
788 3102 933 3170 Lauina
955 3103 1039 3189 etc).

474 3208 523 3278 tit.
546 3204 628 3272 VII.
652 3228 679 3271 o.
704 3209 724 3270 2
748 3202 955 3293 (Capitulum
980 3211 1000 3273 2
1026 3207 1068 3277 ad
1092 3210 1186 3295 capit.
1213 3209 1231 3272 1
1257 3205 1462 3278 additurum,

375 3317 415 3393 in
450 3311 564 3380 eodem
595 3311 768 3398 exponitur
797 3313 848 3383 ius
878 3310 1038 3385 Frisicam
1065 3313 1207 3387 modium
1231 3323 1265 3380 et
1287 3312 1369 3384 iliud
1392 3303 1461 3396 quod

379 3419 513 3507 sigebat
537 3430 624 3483 troas
646 3417 813 3504 Lanbaa‘).

475 3524 523 3594 tit·
559 3520 659 3589 VIII.
692 3520 765 3588 add.
800 3521 892 3607 (Fini
927 3524 1015 3590 tituli
1048 3521 1194 3590 additam
1230 3533 1279 3589 est
1301 3523 1352 3588 ius
1374 3520 1461 3587 diver·

372 3653 469 3712 snm,
494 3628 582 3714 quod
605 3629 737 3716 vigebat
761 3641 848 3694 trans
873 3629 1018 3696 Loubaca'
1040 3638 1098 3702 etc.

475 3733 528 3798 tit.
564 3731 631 3798 IX.
665 3752 693 3797 c.
732 3733 867 3797 14-17
904 3731 1073 3821 (Capitula
1100 3732 1209 3800 addita
1233 3743 1309 3798 sunt
1333 3730 1373 3796 ad
1394 3722 1462 3792 titut

379 3837 490 3906 tsmz
514 3838 602 3902 Inter
625 3834 790 3902 Loubaoii
812 3849 841 3902 at
871 3838 1028 3905 Wisaram
1051 3840 1121 3906 tolia
1144 3852 1186 3905 cst
1207 3830 1462 3914 commendasti

476 3941 524 4008 tit.
556 3939 641 4016 XII.
672 3963 699 4006 c.
732 3943 762 4006 1.
787 3943 807 4007 2
835 3939 1001 4031 (Capituia
1022 3946 1074 4011 ius
1097 3944 1222 4011 Frisiae
1246 3943 1368 4014 medias
1389 3936 1462 4004 illus-

375 4057 504 4128 ¹otnant,
529 4058 562 4113 et
584 4044 694 4119 addita
716 4058 793 4113 sunt
816 4048 858 4114 ad
882 4071 951 4136 cap.
977 4050 996 4115 5
1023 4061 1056 4116 st
1081 4053 1111 4116 6.
1135 4052 1184 4116 tit.
1207 4049 1292 4139 III).

480 4153 529 4230 tit
563 4151 658 4230 XIII
694 4153 840 4241 (Titulus
873 4155 925 4222 ios
960 4155 1084 4224 Frisios
1107 4154 1232 4224 madias
1266 4155 1417 4228 illustrat,
1435 4149 1461 4211 ii

337 2016 343 2027 e
