<?xml version="1.0" encoding="UTF-8"?>
<!DOCTYPE html PUBLIC "-//W3C//DTD XHTML 1.0 Transitional//EN"
    "http://www.w3.org/TR/xhtml1/DTD/xhtml1-transitional.dtd">
<html xmlns="http://www.w3.org/1999/xhtml" xml:lang="en" lang="en">
 <head>
  <title>
</title>
<meta http-equiv="Content-Type" content="text/html;charset=utf-8" />
  <meta name='ocr-system' content='tesseract 3.04.00' />
  <meta name='ocr-capabilities' content='ocr_page ocr_carea ocr_par ocr_line ocrx_word'/>
</head>
<body>
  <div class='ocr_page' id='page_1' title='image "./delexfrisionumu00unkngoog_0030.png"; bbox 0 0 3098 5176; ppageno 0'>
   <div class='ocr_carea' id='block_1_1' title="bbox 500 420 1200 498">
    <p class='ocr_par' dir='ltr' id='par_1_1' title="bbox 500 420 1200 498">
     <span class='ocr_line' id='line_1_1' title="bbox 500 420 1200 498; baseline -0.003 -4"><span class='ocrx_word' id='word_1_1' title='bbox 500 445 571 497; x_wconf 78' lang='lat' dir='ltr'><strong>aex</strong></span> <span class='ocrx_word' id='word_1_2' title='bbox 591 449 799 498; x_wconf 78' lang='lat' dir='ltr'><strong>sermonum</strong></span> <span class='ocrx_word' id='word_1_3' title='bbox 965 420 966 428; x_wconf 61' lang='lat'><em>&#39;</em></span> <span class='ocrx_word' id='word_1_4' title='bbox 1136 444 1200 492; x_wconf 76' lang='lat' dir='ltr'><strong>xxi</strong></span> 
     </span>
    </p>
   </div>
   <div class='ocr_carea' id='block_1_2' title="bbox 100 649 1206 1058">
    <p class='ocr_par' dir='ltr' id='par_1_2' title="bbox 100 649 1206 1058">
     <span class='ocr_line' id='line_1_2' title="bbox 101 649 1203 742; baseline -0.001 -22"><span class='ocrx_word' id='word_1_5' title='bbox 101 675 241 742; x_wconf 86' lang='lat' dir='ltr'><strong>reges</strong></span> <span class='ocrx_word' id='word_1_6' title='bbox 277 652 373 718; x_wconf 87' lang='lat' dir='ltr'>sibi</span> <span class='ocrx_word' id='word_1_7' title='bbox 404 652 722 724; x_wconf 87' lang='lat' dir='ltr'><strong>subiecerunt</strong></span> <span class='ocrx_word' id='word_1_8' title='bbox 753 649 1070 718; x_wconf 87' lang='lat' dir='ltr'><strong>tresFrisiae</strong></span> <span class='ocrx_word' id='word_1_9' title='bbox 1106 675 1203 739; x_wconf 86' lang='lat' dir='ltr'><strong>par·</strong></span> 
     </span>
     <span class='ocr_line' id='line_1_3' title="bbox 101 756 1206 845; baseline 0.003 -21"><span class='ocrx_word' id='word_1_10' title='bbox 101 772 190 837; x_wconf 89' lang='lat' dir='ltr'><strong>tes,</strong></span> <span class='ocrx_word' id='word_1_11' title='bbox 228 781 368 845; x_wconf 88' lang='lat' dir='ltr'><strong>quarum</strong></span> <span class='ocrx_word' id='word_1_12' title='bbox 398 757 476 823; x_wconf 89' lang='lat' dir='ltr'><strong>fines</strong></span> <span class='ocrx_word' id='word_1_13' title='bbox 509 780 606 843; x_wconf 87' lang='lat' dir='ltr'><strong>supra</strong></span> <span class='ocrx_word' id='word_1_14' title='bbox 637 759 812 834; x_wconf 83' lang='lat' dir='ltr'><strong>illustravi3</strong></span> <span class='ocrx_word' id='word_1_15' title='bbox 844 757 927 822; x_wconf 91' lang='lat' dir='ltr'><strong>hanc</strong></span> <span class='ocrx_word' id='word_1_16' title='bbox 951 756 991 822; x_wconf 93' lang='lat' dir='ltr'><strong>ob</strong></span> <span class='ocrx_word' id='word_1_17' title='bbox 1016 780 1082 822; x_wconf 86' lang='lat' dir='ltr'><strong>rem</strong></span> <span class='ocrx_word' id='word_1_18' title='bbox 1107 781 1206 843; x_wconf 81' lang='lat' dir='ltr'><strong>quam</strong></span> 
     </span>
     <span class='ocr_line' id='line_1_4' title="bbox 101 863 1203 954; baseline 0.001 -24"><span class='ocrx_word' id='word_1_19' title='bbox 101 865 343 954; x_wconf 77' lang='lat' dir='ltr'><strong>diligentissime</strong></span> <span class='ocrx_word' id='word_1_20' title='bbox 383 864 595 928; x_wconf 90' lang='lat' dir='ltr'><strong>constituendi</strong></span> <span class='ocrx_word' id='word_1_21' title='bbox 634 865 711 930; x_wconf 90' lang='lat' dir='ltr'><strong>mihi</strong></span> <span class='ocrx_word' id='word_1_22' title='bbox 746 874 820 928; x_wconf 88' lang='lat' dir='ltr'><strong>sunt</strong></span> <span class='ocrx_word' id='word_1_23' title='bbox 856 864 948 939; x_wconf 88' lang='lat' dir='ltr'><strong>anni,</strong></span> <span class='ocrx_word' id='word_1_24' title='bbox 985 863 1102 948; x_wconf 91' lang='lat' dir='ltr'><strong>quibus</strong></span> <span class='ocrx_word' id='word_1_25' title='bbox 1137 875 1203 931; x_wconf 82' lang='lat' dir='ltr'><strong>tres</strong></span> 
     </span>
     <span class='ocr_line' id='line_1_5' title="bbox 100 968 1001 1058; baseline -0.004 -22"><span class='ocrx_word' id='word_1_26' title='bbox 100 983 212 1058; x_wconf 85' lang='lat' dir='ltr'><strong>partes</strong></span> <span class='ocrx_word' id='word_1_27' title='bbox 233 969 359 1036; x_wconf 87' lang='lat' dir='ltr'><strong>Frisiae</strong></span> <span class='ocrx_word' id='word_1_28' title='bbox 382 992 482 1057; x_wconf 87' lang='lat' dir='ltr'><strong>regno</strong></span> <span class='ocrx_word' id='word_1_29' title='bbox 506 969 707 1036; x_wconf 79' lang='lat' dir='ltr'><strong>Francorum</strong></span> <span class='ocrx_word' id='word_1_30' title='bbox 732 971 795 1043; x_wconf 88' lang='lat' dir='ltr'><strong>sint</strong></span> <span class='ocrx_word' id='word_1_31' title='bbox 819 968 1001 1034; x_wconf 81' lang='lat' dir='ltr'><strong>attributae.</strong></span> 
     </span>
    </p>
   </div>
   <div class='ocr_carea' id='block_1_3' title="bbox 103 1175 1207 1686">
    <p class='ocr_par' dir='ltr' id='par_1_3' title="bbox 103 1175 1207 1686">
     <span class='ocr_line' id='line_1_6' title="bbox 150 1175 1205 1268; baseline 0 -24"><span class='ocrx_word' id='word_1_32' title='bbox 150 1179 185 1268; x_wconf 86' lang='lat' dir='ltr'><strong>a)</strong></span> <span class='ocrx_word' id='word_1_33' title='bbox 228 1175 392 1244; x_wconf 87' lang='lat' dir='ltr'><strong>Frisia</strong></span> <span class='ocrx_word' id='word_1_34' title='bbox 438 1177 782 1246; x_wconf 72' lang='lat' dir='ltr'><strong>occidentalis.</strong></span> <span class='ocrx_word' id='word_1_35' title='bbox 827 1177 1034 1265; x_wconf 83' lang='lat' dir='ltr'><strong>Dagobertus</strong></span> <span class='ocrx_word' id='word_1_36' title='bbox 1073 1178 1111 1257; x_wconf 92' lang='lat' dir='ltr'><strong>I,</strong></span> <span class='ocrx_word' id='word_1_37' title='bbox 1146 1179 1205 1264; x_wconf 89' lang='lat' dir='ltr'><strong>qui</strong></span> 
     </span>
     <span class='ocr_line' id='line_1_7' title="bbox 103 1282 1206 1370; baseline 0 -20"><span class='ocrx_word' id='word_1_38' title='bbox 103 1285 143 1350; x_wconf 88' lang='lat' dir='ltr'><strong>ab</strong></span> <span class='ocrx_word' id='word_1_39' title='bbox 169 1307 251 1348; x_wconf 87' lang='lat' dir='ltr'><strong>anno</strong></span> <span class='ocrx_word' id='word_1_40' title='bbox 277 1285 343 1348; x_wconf 78' lang='lat'><strong>622</strong></span> <span class='ocrx_word' id='word_1_41' title='bbox 370 1283 537 1370; x_wconf 88' lang='lat' dir='ltr'><strong>usquead</strong></span> <span class='ocrx_word' id='word_1_42' title='bbox 562 1307 679 1350; x_wconf 85' lang='lat' dir='ltr'><strong>annum</strong></span> <span class='ocrx_word' id='word_1_43' title='bbox 707 1285 773 1348; x_wconf 89' lang='grc'><strong>638</strong></span> <span class='ocrx_word' id='word_1_44' title='bbox 798 1295 948 1349; x_wconf 86' lang='lat' dir='ltr'><strong>rexerat</strong></span> <span class='ocrx_word' id='word_1_45' title='bbox 985 1282 1206 1364; x_wconf 79' lang='lat' dir='ltr'><strong>Francorum,</strong></span> 
     </span>
     <span class='ocr_line' id='line_1_8' title="bbox 103 1388 1206 1457; baseline -0.002 -1"><span class='ocrx_word' id='word_1_46' title='bbox 103 1391 270 1456; x_wconf 87' lang='lat' dir='ltr'><strong>ecclesiam</strong></span> <span class='ocrx_word' id='word_1_47' title='bbox 309 1388 452 1456; x_wconf 77' lang='lat' dir='ltr'><strong>condidit</strong></span> <span class='ocrx_word' id='word_1_48' title='bbox 486 1389 627 1456; x_wconf 83' lang='lat' dir='ltr'><strong>Traiecti</strong></span> <span class='ocrx_word' id='word_1_49' title='bbox 664 1389 704 1454; x_wconf 87' lang='lat' dir='ltr'><strong>ad</strong></span> <span class='ocrx_word' id='word_1_50' title='bbox 740 1389 892 1457; x_wconf 86' lang='lat' dir='ltr'><strong>Rhenum</strong></span> <span class='ocrx_word' id='word_1_51' title='bbox 927 1389 959 1453; x_wconf 93' lang='lat' dir='ltr'><strong>in</strong></span> <span class='ocrx_word' id='word_1_52' title='bbox 997 1390 1128 1456; x_wconf 86' lang='lat' dir='ltr'><strong>castello</strong></span> <span class='ocrx_word' id='word_1_53' title='bbox 1164 1388 1206 1454; x_wconf 88' lang='lat' dir='ltr'><strong>ad</strong></span> 
     </span>
     <span class='ocr_line' id='line_1_9' title="bbox 103 1493 1206 1570; baseline -0.001 -9"><span class='ocrx_word' id='word_1_54' title='bbox 103 1497 182 1562; x_wconf 86' lang='lat' dir='ltr'><strong>fines</strong></span> <span class='ocrx_word' id='word_1_55' title='bbox 214 1495 414 1562; x_wconf 82' lang='lat' dir='ltr'><strong>Francorum</strong></span> <span class='ocrx_word' id='word_1_56' title='bbox 447 1496 479 1560; x_wconf 94' lang='lat' dir='ltr'><strong>in</strong></span> <span class='ocrx_word' id='word_1_57' title='bbox 511 1495 618 1562; x_wconf 87' lang='lat' dir='ltr'><strong>Frisia</strong></span> <span class='ocrx_word' id='word_1_58' title='bbox 641 1495 830 1560; x_wconf 88' lang='lat' dir='ltr'><strong>occidentali</strong></span> <span class='ocrx_word' id='word_1_59' title='bbox 855 1505 1002 1559; x_wconf 79' lang='lat' dir='ltr'><strong>extructo</strong></span> <span class='ocrx_word' id='word_1_60' title='bbox 1010 1519 1019 1570; x_wconf 87' lang='lat'>3</span> <span class='ocrx_word' id='word_1_61' title='bbox 1044 1493 1072 1557; x_wconf 86' lang='lat' dir='ltr'><strong>F</strong></span> <span class='ocrx_word' id='word_1_62' title='bbox 1074 1495 1206 1563; x_wconf 84' lang='lat' dir='ltr'><strong>risiones</strong></span> 
     </span>
     <span class='ocr_line' id='line_1_10' title="bbox 103 1600 1207 1686; baseline -0.002 -20"><span class='ocrx_word' id='word_1_63' title='bbox 103 1601 272 1666; x_wconf 88' lang='lat' dir='ltr'><strong>castellum</strong></span> <span class='ocrx_word' id='word_1_64' title='bbox 303 1601 520 1666; x_wconf 82' lang='lat' dir='ltr'><strong>Traiectinum</strong></span> <span class='ocrx_word' id='word_1_65' title='bbox 553 1625 572 1666; x_wconf 91' lang='lat' dir='ltr'><strong>a</strong></span> <span class='ocrx_word' id='word_1_66' title='bbox 600 1601 629 1666; x_wconf 91' lang='lat' dir='ltr'><strong>F</strong></span> <span class='ocrx_word' id='word_1_67' title='bbox 630 1602 734 1667; x_wconf 88' lang='lat' dir='ltr'><strong>rancis</strong></span> <span class='ocrx_word' id='word_1_68' title='bbox 758 1610 1032 1686; x_wconf 82' lang='lat' dir='ltr'><strong>recuperaverunt</strong></span> <span class='ocrx_word' id='word_1_69' title='bbox 1056 1623 1093 1666; x_wconf 89' lang='lat' dir='ltr'><strong>ac</strong></span> <span class='ocrx_word' id='word_1_70' title='bbox 1118 1600 1207 1665; x_wconf 89' lang='lat' dir='ltr'><strong>diru-</strong></span> 
     </span>
    </p>
   </div>
   <div class='ocr_carea' id='block_1_4' title="bbox 104 1705 1311 1792">
    <p class='ocr_par' dir='ltr' id='par_1_4' title="bbox 104 1705 1311 1792">
     <span class='ocr_line' id='line_1_11' title="bbox 104 1705 1311 1792; baseline -0.002 -20"><span class='ocrx_word' id='word_1_71' title='bbox 104 1717 201 1772; x_wconf 86' lang='lat' dir='ltr'><strong>erunt</strong></span> <span class='ocrx_word' id='word_1_72' title='bbox 240 1706 422 1783; x_wconf 79' lang='lat' dir='ltr'><strong>ecclesiam3</strong></span> <span class='ocrx_word' id='word_1_73' title='bbox 458 1729 564 1791; x_wconf 87' lang='lat' dir='ltr'><strong>neque</strong></span> <span class='ocrx_word' id='word_1_74' title='bbox 600 1706 705 1772; x_wconf 85' lang='lat' dir='ltr'><strong>Frisia</strong></span> <span class='ocrx_word' id='word_1_75' title='bbox 744 1705 948 1772; x_wconf 86' lang='lat' dir='ltr'><strong>occidentalis</strong></span> <span class='ocrx_word' id='word_1_76' title='bbox 988 1716 1066 1769; x_wconf 90' lang='lat' dir='ltr'><strong>tunc</strong></span> <span class='ocrx_word' id='word_1_77' title='bbox 1105 1728 1206 1792; x_wconf 83' lang='lat' dir='ltr'><strong>regno</strong></span> <span class='ocrx_word' id='word_1_78' title='bbox 1308 1713 1311 1718; x_wconf 87' lang='lat'>&#39;</span> 
     </span>
    </p>
   </div>
   <div class='ocr_carea' id='block_1_5' title="bbox 104 1809 1207 1897">
    <p class='ocr_par' dir='ltr' id='par_1_5' title="bbox 104 1809 1207 1897">
     <span class='ocr_line' id='line_1_12' title="bbox 104 1809 1207 1897; baseline -0.002 -21"><span class='ocrx_word' id='word_1_79' title='bbox 104 1812 304 1876; x_wconf 81' lang='lat' dir='ltr'><strong>Francorum</strong></span> <span class='ocrx_word' id='word_1_80' title='bbox 329 1822 397 1876; x_wconf 89' lang='lat' dir='ltr'><strong>erat</strong></span> <span class='ocrx_word' id='word_1_81' title='bbox 421 1810 564 1877; x_wconf 88' lang='lat' dir='ltr'><strong>subiecta</strong></span> <span class='ocrx_word' id='word_1_82' title='bbox 583 1817 624 1877; x_wconf 84' lang='lat'><strong>³0.</strong></span> <span class='ocrx_word' id='word_1_83' title='bbox 671 1849 717 1863; x_wconf 84' lang='lat'><strong>-·-</strong></span> <span class='ocrx_word' id='word_1_84' title='bbox 764 1811 924 1897; x_wconf 86' lang='lat' dir='ltr'><strong>Tempore</strong></span> <span class='ocrx_word' id='word_1_85' title='bbox 947 1810 1127 1897; x_wconf 85' lang='lat' dir='ltr'><strong>Dagoberti</strong></span> <span class='ocrx_word' id='word_1_86' title='bbox 1150 1809 1207 1892; x_wconf 91' lang='lat' dir='ltr'><strong>H,</strong></span> 
     </span>
    </p>
   </div>
   <div class='ocr_carea' id='block_1_6' title="bbox 104 1915 1462 2108">
    <p class='ocr_par' dir='ltr' id='par_1_6' title="bbox 104 1915 1462 2108">
     <span class='ocr_line' id='line_1_13' title="bbox 104 1915 1462 2009; baseline -0.001 -27"><span class='ocrx_word' id='word_1_87' title='bbox 104 1928 185 1982; x_wconf 87' lang='lat' dir='ltr'><strong>teste</strong></span> <span class='ocrx_word' id='word_1_88' title='bbox 225 1915 317 1982; x_wconf 88' lang='lat' dir='ltr'><strong>Beda</strong></span> <span class='ocrx_word' id='word_1_89' title='bbox 363 1916 550 1982; x_wconf 87' lang='lat' dir='ltr'><strong>Venerabili</strong></span> <span class='ocrx_word' id='word_1_90' title='bbox 594 1917 627 1981; x_wconf 92' lang='lat' dir='ltr'><strong>in</strong></span> <span class='ocrx_word' id='word_1_91' title='bbox 668 1915 812 1982; x_wconf 86' lang='lat' dir='ltr'><strong>Historia</strong></span> <span class='ocrx_word' id='word_1_92' title='bbox 851 1915 1063 1981; x_wconf 87' lang='lat' dir='ltr'><strong>ecclesiastica</strong></span> <span class='ocrx_word' id='word_1_93' title='bbox 1101 1918 1206 2002; x_wconf 86' lang='lat' dir='ltr'><strong>gentis</strong></span> <span class='ocrx_word' id='word_1_94' title='bbox 1254 2000 1258 2009; x_wconf 62' lang='lat'>„</span> <span class='ocrx_word' id='word_1_95' title='bbox 1303 1947 1308 1962; x_wconf 91' lang='lat'><strong>·</strong></span> <span class='ocrx_word' id='word_1_96' title='bbox 1373 1964 1380 1988; x_wconf 78' lang='lat'><strong>,</strong></span> <span class='ocrx_word' id='word_1_97' title='bbox 1452 1941 1462 1966; x_wconf 89' lang='lat'><strong>-·</strong></span> 
     </span>
     <span class='ocr_line' id='line_1_14' title="bbox 106 2009 1399 2108; baseline 0.002 -20"><span class='ocrx_word' id='word_1_98' title='bbox 106 2021 293 2106; x_wconf 80' lang='lat' dir='ltr'><strong>Anglorum</strong></span> <span class='ocrx_word' id='word_1_99' title='bbox 333 2021 376 2088; x_wconf 89' lang='lat' dir='ltr'><strong>V.</strong></span> <span class='ocrx_word' id='word_1_100' title='bbox 408 2044 434 2086; x_wconf 87' lang='lat' dir='ltr'><strong>o.</strong></span> <span class='ocrx_word' id='word_1_101' title='bbox 474 2023 527 2086; x_wconf 87' lang='grc'><strong>19.</strong></span> <span class='ocrx_word' id='word_1_102' title='bbox 566 2024 697 2105; x_wconf 70' lang='lat' dir='ltr'><strong>tela,</strong></span> <span class='ocrx_word' id='word_1_103' title='bbox 733 2019 765 2088; x_wconf 84' lang='lat' dir='ltr'><strong>S.</strong></span> <span class='ocrx_word' id='word_1_104' title='bbox 803 2020 1000 2098; x_wconf 81' lang='lat' dir='ltr'><strong>Wilhidus,</strong></span> <span class='ocrx_word' id='word_1_105' title='bbox 1038 2022 1206 2108; x_wconf 86' lang='lat' dir='ltr'><strong>episcopus</strong></span> <span class='ocrx_word' id='word_1_106' title='bbox 1243 2010 1280 2042; x_wconf 56' lang='lat'><strong>&#39;⁸</strong></span> <span class='ocrx_word' id='word_1_107' title='bbox 1347 2046 1355 2107; x_wconf 68' lang='grc' dir='ltr'>ζ</span> <span class='ocrx_word' id='word_1_108' title='bbox 1386 2009 1399 2091; x_wconf 77' lang='lat' dir='ltr'><strong>i</strong></span> 
     </span>
    </p>
   </div>
   <div class='ocr_carea' id='block_1_7' title="bbox 102 2125 1251 3686">
    <p class='ocr_par' dir='ltr' id='par_1_7' title="bbox 102 2125 1251 3686">
     <span class='ocr_line' id='line_1_15' title="bbox 104 2125 1207 2214; baseline 0 -23"><span class='ocrx_word' id='word_1_109' title='bbox 104 2125 335 2205; x_wconf 83' lang='lat' dir='ltr'><strong>Eboracensis,</strong></span> <span class='ocrx_word' id='word_1_110' title='bbox 360 2149 442 2192; x_wconf 87' lang='lat' dir='ltr'><strong>anno</strong></span> <span class='ocrx_word' id='word_1_111' title='bbox 468 2127 533 2190; x_wconf 89' lang='grc'><strong>677</strong></span> <span class='ocrx_word' id='word_1_112' title='bbox 561 2150 623 2205; x_wconf 87' lang='lat' dir='ltr'><strong>„ex</strong></span> <span class='ocrx_word' id='word_1_113' title='bbox 648 2126 768 2214; x_wconf 85' lang='lat' dir='ltr'><strong>Anglia</strong></span> <span class='ocrx_word' id='word_1_114' title='bbox 791 2127 926 2192; x_wconf 87' lang='lat' dir='ltr'><strong>Romam</strong></span> <span class='ocrx_word' id='word_1_115' title='bbox 950 2127 1064 2204; x_wconf 89' lang='lat' dir='ltr'><strong>iturus,</strong></span> <span class='ocrx_word' id='word_1_116' title='bbox 1092 2149 1207 2192; x_wconf 87' lang='lat' dir='ltr'><strong>navem</strong></span> 
     </span>
     <span class='ocr_line' id='line_1_16' title="bbox 106 2231 1208 2318; baseline 0.001 -21"><span class='ocrx_word' id='word_1_117' title='bbox 106 2231 307 2308; x_wconf 84' lang='lat' dir='ltr'><strong>conscendit,</strong></span> <span class='ocrx_word' id='word_1_118' title='bbox 340 2241 372 2296; x_wconf 87' lang='lat' dir='ltr'><strong>et</strong></span> <span class='ocrx_word' id='word_1_119' title='bbox 402 2232 499 2298; x_wconf 87' lang='lat' dir='ltr'><strong>flante</strong></span> <span class='ocrx_word' id='word_1_120' title='bbox 531 2231 677 2298; x_wconf 88' lang='lat' dir='ltr'><strong>Favonio</strong></span> <span class='ocrx_word' id='word_1_121' title='bbox 702 2233 814 2317; x_wconf 90' lang='lat' dir='ltr'><strong>pulsus</strong></span> <span class='ocrx_word' id='word_1_122' title='bbox 839 2243 887 2296; x_wconf 89' lang='lat' dir='ltr'><strong>est</strong></span> <span class='ocrx_word' id='word_1_123' title='bbox 910 2231 1075 2309; x_wconf 83' lang='lat' dir='ltr'><strong>Fresiam3¹</strong></span> <span class='ocrx_word' id='word_1_124' title='bbox 1098 2233 1208 2318; x_wconf 81' lang='lat' dir='ltr'><strong>ibique</strong></span> 
     </span>
     <span class='ocr_line' id='line_1_17' title="bbox 106 2337 1207 2423; baseline -0.001 -19"><span class='ocrx_word' id='word_1_125' title='bbox 106 2338 281 2404; x_wconf 89' lang='lat' dir='ltr'><strong>honorifice</strong></span> <span class='ocrx_word' id='word_1_126' title='bbox 321 2351 489 2423; x_wconf 87' lang='lat' dir='ltr'><strong>susceptus</strong></span> <span class='ocrx_word' id='word_1_127' title='bbox 529 2360 548 2400; x_wconf 91' lang='lat' dir='ltr'><strong>a</strong></span> <span class='ocrx_word' id='word_1_128' title='bbox 586 2337 730 2402; x_wconf 86' lang='lat' dir='ltr'><strong>barbaris</strong></span> <span class='ocrx_word' id='word_1_129' title='bbox 771 2360 807 2402; x_wconf 89' lang='lat' dir='ltr'><strong>ac</strong></span> <span class='ocrx_word' id='word_1_130' title='bbox 846 2359 958 2423; x_wconf 86' lang='lat' dir='ltr'><strong>rege</strong></span> <span class='ocrx_word' id='word_1_131' title='bbox 1009 2337 1207 2403; x_wconf 90' lang='lat' dir='ltr'><strong>illorum</strong></span> 
     </span>
     <span class='ocr_line' id='line_1_18' title="bbox 108 2439 1209 2532; baseline 0 -24"><span class='ocrx_word' id='word_1_132' title='bbox 108 2441 304 2532; x_wconf 84' lang='lat' dir='ltr'><strong>Aldgisl</strong></span> <span class='ocrx_word' id='word_1_133' title='bbox 318 2465 354 2520; x_wconf 89' lang='lat' dir='ltr'><strong>o,</strong></span> <span class='ocrx_word' id='word_1_134' title='bbox 392 2441 598 2529; x_wconf 86' lang='lat' dir='ltr'><strong>praedicabat</strong></span> <span class='ocrx_word' id='word_1_135' title='bbox 629 2443 675 2506; x_wconf 88' lang='lat' dir='ltr'><strong>eis</strong></span> <span class='ocrx_word' id='word_1_136' title='bbox 700 2439 882 2521; x_wconf 82' lang='lat' dir='ltr'><strong>Christum,</strong></span> <span class='ocrx_word' id='word_1_137' title='bbox 914 2453 947 2506; x_wconf 92' lang='lat' dir='ltr'><strong>et</strong></span> <span class='ocrx_word' id='word_1_138' title='bbox 971 2442 1073 2506; x_wconf 85' lang='lat' dir='ltr'><strong>multa</strong></span> <span class='ocrx_word' id='word_1_139' title='bbox 1096 2465 1209 2508; x_wconf 88' lang='lat' dir='ltr'><strong>eorum</strong></span> 
     </span>
     <span class='ocr_line' id='line_1_19' title="bbox 106 2545 1208 2634; baseline -0.001 -21"><span class='ocrx_word' id='word_1_140' title='bbox 106 2546 195 2613; x_wconf 89' lang='lat' dir='ltr'><strong>milis</strong></span> <span class='ocrx_word' id='word_1_141' title='bbox 218 2548 316 2612; x_wconf 87' lang='lat' dir='ltr'><strong>verbo</strong></span> <span class='ocrx_word' id='word_1_142' title='bbox 341 2547 484 2614; x_wconf 88' lang='lat' dir='ltr'><strong>veritatis</strong></span> <span class='ocrx_word' id='word_1_143' title='bbox 508 2547 672 2614; x_wconf 89' lang='lat' dir='ltr'><strong>instituit.’&#39;</strong></span> <span class='ocrx_word' id='word_1_144' title='bbox 719 2548 832 2634; x_wconf 87' lang='lat' dir='ltr'><strong>Atque</strong></span> <span class='ocrx_word' id='word_1_145' title='bbox 856 2547 982 2613; x_wconf 84' lang='lat' dir='ltr'><strong>Eddius</strong></span> <span class='ocrx_word' id='word_1_146' title='bbox 1007 2545 1208 2633; x_wconf 84' lang='lat' dir='ltr'><strong>Stephanus,</strong></span> 
     </span>
     <span class='ocr_line' id='line_1_20' title="bbox 108 2651 1208 2741; baseline 0.002 -24"><span class='ocrx_word' id='word_1_147' title='bbox 108 2655 165 2739; x_wconf 93' lang='lat' dir='ltr'><strong>qui</strong></span> <span class='ocrx_word' id='word_1_148' title='bbox 197 2653 300 2718; x_wconf 89' lang='lat' dir='ltr'><strong>socius</strong></span> <span class='ocrx_word' id='word_1_149' title='bbox 332 2651 363 2719; x_wconf 87' lang='lat' dir='ltr'><strong>S.</strong></span> <span class='ocrx_word' id='word_1_150' title='bbox 398 2653 545 2720; x_wconf 85' lang='lat' dir='ltr'><strong>Wilfridi</strong></span> <span class='ocrx_word' id='word_1_151' title='bbox 576 2676 658 2718; x_wconf 90' lang='lat' dir='ltr'><strong>anuo</strong></span> <span class='ocrx_word' id='word_1_152' title='bbox 693 2654 758 2718; x_wconf 90' lang='grc'><strong>677</strong></span> <span class='ocrx_word' id='word_1_153' title='bbox 795 2653 829 2720; x_wconf 90' lang='lat' dir='ltr'><strong>in</strong></span> <span class='ocrx_word' id='word_1_154' title='bbox 863 2653 969 2718; x_wconf 87' lang='lat' dir='ltr'><strong>Frisia</strong></span> <span class='ocrx_word' id='word_1_155' title='bbox 1004 2654 1208 2741; x_wconf 87' lang='lat' dir='ltr'><strong>evangelium</strong></span> 
     </span>
     <span class='ocr_line' id='line_1_21' title="bbox 107 2756 1251 2845; baseline 0.001 -21"><span class='ocrx_word' id='word_1_156' title='bbox 107 2757 324 2845; x_wconf 88' lang='lat' dir='ltr'><strong>praedicavit,</strong></span> <span class='ocrx_word' id='word_1_157' title='bbox 348 2769 457 2824; x_wconf 85' lang='lat' dir='ltr'><strong>narrat</strong></span> <span class='ocrx_word' id='word_1_158' title='bbox 479 2759 514 2822; x_wconf 93' lang='lat' dir='ltr'><strong>in</strong></span> <span class='ocrx_word' id='word_1_159' title='bbox 537 2756 617 2822; x_wconf 90' lang='lat' dir='ltr'><strong>Vita</strong></span> <span class='ocrx_word' id='word_1_160' title='bbox 640 2756 675 2824; x_wconf 87' lang='lat' dir='ltr'><strong>S.</strong></span> <span class='ocrx_word' id='word_1_161' title='bbox 699 2756 844 2824; x_wconf 86' lang='lat' dir='ltr'><strong>Wilfridi</strong></span> <span class='ocrx_word' id='word_1_162' title='bbox 869 2781 937 2843; x_wconf 88' lang='lat' dir='ltr'><strong>cap.</strong></span> <span class='ocrx_word' id='word_1_163' title='bbox 963 2759 1024 2835; x_wconf 82' lang='lat'><strong>26,</strong></span> <span class='ocrx_word' id='word_1_164' title='bbox 1050 2760 1209 2844; x_wconf 87' lang='lat' dir='ltr'><strong>copiosius</strong></span> <span class='ocrx_word' id='word_1_165' title='bbox 1249 2759 1251 2762; x_wconf 69' lang='grc'><strong>’</strong></span> 
     </span>
     <span class='ocr_line' id='line_1_22' title="bbox 106 2861 1210 2950; baseline 0 -21"><span class='ocrx_word' id='word_1_166' title='bbox 106 2864 146 2929; x_wconf 89' lang='lat' dir='ltr'><strong>iis</strong></span> <span class='ocrx_word' id='word_1_167' title='bbox 177 2863 343 2950; x_wconf 87' lang='lat' dir='ltr'><strong>explicatis</strong></span> <span class='ocrx_word' id='word_1_168' title='bbox 375 2886 458 2949; x_wconf 85' lang='lat' dir='ltr'><strong>quae</strong></span> <span class='ocrx_word' id='word_1_169' title='bbox 490 2887 531 2928; x_wconf 88' lang='lat' dir='ltr'><strong>ex</strong></span> <span class='ocrx_word' id='word_1_170' title='bbox 562 2863 672 2928; x_wconf 88' lang='lat' dir='ltr'><strong>Bedae</strong></span> <span class='ocrx_word' id='word_1_171' title='bbox 703 2861 849 2927; x_wconf 86' lang='lat' dir='ltr'><strong>Historia</strong></span> <span class='ocrx_word' id='word_1_172' title='bbox 880 2863 1074 2928; x_wconf 82' lang='lat' dir='ltr'><strong>ecclesiastis</strong></span> <span class='ocrx_word' id='word_1_173' title='bbox 1097 2863 1210 2929; x_wconf 90' lang='lat' dir='ltr'><strong>lauda-</strong></span> 
     </span>
     <span class='ocr_line' id='line_1_23' title="bbox 108 2969 1210 3057; baseline 0.002 -24"><span class='ocrx_word' id='word_1_174' title='bbox 108 2969 231 3034; x_wconf 87' lang='lat' dir='ltr'><strong>vimus:</strong></span> <span class='ocrx_word' id='word_1_175' title='bbox 279 2970 401 3034; x_wconf 86' lang='lat' dir='ltr'><strong>Eodem</strong></span> <span class='ocrx_word' id='word_1_176' title='bbox 436 2981 570 3055; x_wconf 82' lang='lat' dir='ltr'><strong>tempore</strong></span> <span class='ocrx_word' id='word_1_177' title='bbox 605 2969 778 3054; x_wconf 80' lang='lat' dir='ltr'><strong>Esruinue,</strong></span> <span class='ocrx_word' id='word_1_178' title='bbox 814 2971 879 3034; x_wconf 79' lang='lat' dir='ltr'><strong>dua</strong></span> <span class='ocrx_word' id='word_1_179' title='bbox 917 2970 1096 3034; x_wconf 65' lang='lat' dir='ltr'><strong>Theoderici</strong></span> <span class='ocrx_word' id='word_1_180' title='bbox 1130 2973 1210 3057; x_wconf 79' lang='lat' dir='ltr'><strong>repis</strong></span> 
     </span>
     <span class='ocr_line' id='line_1_24' title="bbox 108 3074 1210 3162; baseline 0.001 -24"><span class='ocrx_word' id='word_1_181' title='bbox 108 3075 319 3153; x_wconf 61' lang='lat' dir='ltr'><strong>stercorum,</strong></span> <span class='ocrx_word' id='word_1_182' title='bbox 355 3074 438 3138; x_wconf 83' lang='lat' dir='ltr'><strong>misit</strong></span> <span class='ocrx_word' id='word_1_183' title='bbox 472 3076 592 3139; x_wconf 82' lang='lat' dir='ltr'><strong>nuntios</strong></span> <span class='ocrx_word' id='word_1_184' title='bbox 627 3097 696 3138; x_wconf 84' lang='lat' dir='ltr'><strong>mos</strong></span> <span class='ocrx_word' id='word_1_185' title='bbox 732 3098 799 3139; x_wconf 84' lang='lat' dir='ltr'><strong>cum</strong></span> <span class='ocrx_word' id='word_1_186' title='bbox 834 3075 930 3140; x_wconf 81' lang='lat' dir='ltr'><strong>literis</strong></span> <span class='ocrx_word' id='word_1_187' title='bbox 961 3077 1005 3138; x_wconf 84' lang='lat' dir='ltr'><strong>ad</strong></span> <span class='ocrx_word' id='word_1_188' title='bbox 1028 3075 1210 3162; x_wconf 78' lang='lat' dir='ltr'><strong>Aidpeimm</strong></span> 
     </span>
     <span class='ocr_line' id='line_1_25' title="bbox 109 3175 1210 3267; baseline 0.002 -23"><span class='ocrx_word' id='word_1_189' title='bbox 109 3177 249 3265; x_wconf 76' lang='lat' dir='ltr'><strong>(emend.</strong></span> <span class='ocrx_word' id='word_1_190' title='bbox 284 3178 475 3265; x_wconf 69' lang='lat' dir='ltr'><strong>Aidpielam)</strong></span> <span class='ocrx_word' id='word_1_191' title='bbox 511 3202 612 3266; x_wconf 74' lang='lat' dir='ltr'><strong>reqem</strong></span> <span class='ocrx_word' id='word_1_192' title='bbox 646 3177 734 3244; x_wconf 86' lang='lat' dir='ltr'><strong>Freis</strong></span> <span class='ocrx_word' id='word_1_193' title='bbox 770 3179 845 3266; x_wconf 88' lang='lat' dir='ltr'><strong>(em.</strong></span> <span class='ocrx_word' id='word_1_194' title='bbox 880 3175 1041 3267; x_wconf 82' lang='lat' dir='ltr'><strong>Freeiae),</strong></span> <span class='ocrx_word' id='word_1_195' title='bbox 1072 3182 1210 3246; x_wconf 80' lang='lat' dir='ltr'><strong>salutans</strong></span> 
     </span>
     <span class='ocr_line' id='line_1_26' title="bbox 109 3285 1209 3371; baseline 0 -19"><span class='ocrx_word' id='word_1_196' title='bbox 109 3307 178 3352; x_wconf 84' lang='lat' dir='ltr'><strong>eum</strong></span> <span class='ocrx_word' id='word_1_197' title='bbox 213 3285 312 3350; x_wconf 80' lang='lat' dir='ltr'><strong>verbis</strong></span> <span class='ocrx_word' id='word_1_198' title='bbox 342 3287 499 3369; x_wconf 68' lang='lat' dir='ltr'><strong>pacificis,</strong></span> <span class='ocrx_word' id='word_1_199' title='bbox 531 3287 775 3371; x_wconf 77' lang='lat' dir='ltr'><strong>promittensque</strong></span> <span class='ocrx_word' id='word_1_200' title='bbox 811 3287 840 3350; x_wconf 88' lang='lat' dir='ltr'><strong>ei</strong></span> <span class='ocrx_word' id='word_1_201' title='bbox 873 3288 1010 3350; x_wconf 84' lang='lat' dir='ltr'><strong>mediam</strong></span> <span class='ocrx_word' id='word_1_202' title='bbox 1040 3288 1209 3352; x_wconf 81' lang='lat' dir='ltr'><strong>solidorum</strong></span> 
     </span>
     <span class='ocr_line' id='line_1_27' title="bbox 108 3391 1210 3476; baseline 0.001 -20"><span class='ocrx_word' id='word_1_203' title='bbox 108 3413 275 3456; x_wconf 84' lang='lat' dir='ltr'><strong>aureorum</strong></span> <span class='ocrx_word' id='word_1_204' title='bbox 306 3391 402 3468; x_wconf 85' lang='lat' dir='ltr'><strong>dere,</strong></span> <span class='ocrx_word' id='word_1_205' title='bbox 436 3393 464 3454; x_wconf 83' lang='lat' dir='ltr'><strong>si</strong></span> <span class='ocrx_word' id='word_1_206' title='bbox 503 3391 677 3476; x_wconf 78' lang='lat' dir='ltr'><strong>Wilsridem</strong></span> <span class='ocrx_word' id='word_1_207' title='bbox 702 3393 875 3476; x_wconf 82' lang='lat' dir='ltr'><strong>episcopam</strong></span> <span class='ocrx_word' id='word_1_208' title='bbox 899 3403 952 3454; x_wconf 83' lang='lat' dir='ltr'><strong>aut</strong></span> <span class='ocrx_word' id='word_1_209' title='bbox 974 3394 1076 3456; x_wconf 83' lang='lat' dir='ltr'><strong>cirum</strong></span> <span class='ocrx_word' id='word_1_210' title='bbox 1099 3393 1210 3457; x_wconf 85' lang='lat' dir='ltr'><strong>deduc·</strong></span> 
     </span>
     <span class='ocr_line' id='line_1_28' title="bbox 108 3497 1209 3581; baseline 0.001 -22"><span class='ocrx_word' id='word_1_211' title='bbox 108 3507 191 3574; x_wconf 82' lang='lat' dir='ltr'><strong>tum,</strong></span> <span class='ocrx_word' id='word_1_212' title='bbox 228 3507 281 3558; x_wconf 85' lang='lat' dir='ltr'><strong>aut</strong></span> <span class='ocrx_word' id='word_1_213' title='bbox 316 3507 408 3580; x_wconf 86' lang='lat' dir='ltr'><strong>caput</strong></span> <span class='ocrx_word' id='word_1_214' title='bbox 443 3498 505 3561; x_wconf 83' lang='lat' dir='ltr'><strong>eius</strong></span> <span class='ocrx_word' id='word_1_215' title='bbox 541 3499 632 3560; x_wconf 82' lang='lat' dir='ltr'><strong>occisi</strong></span> <span class='ocrx_word' id='word_1_216' title='bbox 666 3497 724 3559; x_wconf 82' lang='lat' dir='ltr'><strong>eibi</strong></span> <span class='ocrx_word' id='word_1_217' title='bbox 759 3497 908 3560; x_wconf 82' lang='lat' dir='ltr'><strong>emisisset.</strong></span> <span class='ocrx_word' id='word_1_218' title='bbox 959 3497 1129 3581; x_wconf 81' lang='lat' dir='ltr'><strong>Statimque</strong></span> <span class='ocrx_word' id='word_1_219' title='bbox 1152 3519 1209 3562; x_wconf 76' lang='lat' dir='ltr'><strong>ree·</strong></span> 
     </span>
     <span class='ocr_line' id='line_1_29' title="bbox 102 3600 1208 3686; baseline 0.003 -24"><span class='ocrx_word' id='word_1_220' title='bbox 102 3600 319 3686; x_wconf 82' lang='lat' dir='ltr'><strong>praesentibus</strong></span> <span class='ocrx_word' id='word_1_221' title='bbox 354 3601 440 3664; x_wconf 83' lang='lat' dir='ltr'><strong>nobie</strong></span> <span class='ocrx_word' id='word_1_222' title='bbox 475 3614 505 3666; x_wconf 88' lang='lat' dir='ltr'><strong>et</strong></span> <span class='ocrx_word' id='word_1_223' title='bbox 538 3602 652 3664; x_wconf 81' lang='lat' dir='ltr'><strong>nuntiis</strong></span> <span class='ocrx_word' id='word_1_224' title='bbox 684 3623 788 3665; x_wconf 86' lang='lat' dir='ltr'><strong>coram</strong></span> <span class='ocrx_word' id='word_1_225' title='bbox 809 3600 930 3686; x_wconf 82' lang='lat' dir='ltr'><strong>populo</strong></span> <span class='ocrx_word' id='word_1_226' title='bbox 954 3623 1008 3664; x_wconf 85' lang='lat' dir='ltr'><strong>mo</strong></span> <span class='ocrx_word' id='word_1_227' title='bbox 1032 3600 1208 3685; x_wconf 76' lang='lat' dir='ltr'><strong>imputatio</strong></span> 
     </span>
    </p>
   </div>
   <div class='ocr_carea' id='block_1_8' title="bbox 109 3861 1212 4334">
    <p class='ocr_par' dir='ltr' id='par_1_8' title="bbox 109 3861 1212 4334">
     <span class='ocr_line' id='line_1_30' title="bbox 143 3861 1211 3928; baseline 0.003 -16"><span class='ocrx_word' id='word_1_228' title='bbox 143 3869 176 3913; x_wconf 82' lang='lat'><strong>30</strong></span> <span class='ocrx_word' id='word_1_229' title='bbox 212 3863 287 3914; x_wconf 81' lang='lat' dir='ltr'><strong>Conf.</strong></span> <span class='ocrx_word' id='word_1_230' title='bbox 316 3864 453 3928; x_wconf 84' lang='lat' dir='ltr'><strong>epistolam</strong></span> <span class='ocrx_word' id='word_1_231' title='bbox 479 3865 610 3915; x_wconf 85' lang='lat' dir='ltr'><strong>Bonifscii</strong></span> <span class='ocrx_word' id='word_1_232' title='bbox 636 3867 667 3916; x_wconf 87' lang='grc'><strong>97</strong></span> <span class='ocrx_word' id='word_1_233' title='bbox 686 3866 720 3914; x_wconf 89' lang='lat' dir='ltr'><strong>ad</strong></span> <span class='ocrx_word' id='word_1_234' title='bbox 738 3863 898 3928; x_wconf 85' lang='lat' dir='ltr'><strong>Stephanum</strong></span> <span class='ocrx_word' id='word_1_235' title='bbox 914 3878 975 3928; x_wconf 89' lang='lat' dir='ltr'><strong>pap.</strong></span> <span class='ocrx_word' id='word_1_236' title='bbox 991 3864 1128 3927; x_wconf 83' lang='lat' dir='ltr'><strong>scriptam:</strong></span> <span class='ocrx_word' id='word_1_237' title='bbox 1165 3861 1211 3915; x_wconf 84' lang='lat' dir='ltr'><strong>Co·</strong></span> 
     </span>
     <span class='ocr_line' id='line_1_31' title="bbox 109 3943 1210 4008; baseline 0.002 -14"><span class='ocrx_word' id='word_1_238' title='bbox 109 3943 228 3994; x_wconf 72' lang='lat' dir='ltr'><strong>lobiensis</strong></span> <span class='ocrx_word' id='word_1_239' title='bbox 254 3945 382 4008; x_wconf 75' lang='lat' dir='ltr'><strong>episcopas</strong></span> <span class='ocrx_word' id='word_1_240' title='bbox 409 3945 469 3996; x_wconf 87' lang='lat' dir='ltr'><strong>dicit</strong></span> <span class='ocrx_word' id='word_1_241' title='bbox 494 3946 571 3996; x_wconf 84' lang='lat' dir='ltr'><strong>sedem</strong></span> <span class='ocrx_word' id='word_1_242' title='bbox 606 3945 791 3995; x_wconf 83' lang='lat' dir='ltr'><strong>Uitraiectinam</strong></span> <span class='ocrx_word' id='word_1_243' title='bbox 808 3945 842 3994; x_wconf 87' lang='lat' dir='ltr'><strong>ad</strong></span> <span class='ocrx_word' id='word_1_244' title='bbox 858 3961 883 3993; x_wconf 86' lang='lat' dir='ltr'><strong>se</strong></span> <span class='ocrx_word' id='word_1_245' title='bbox 897 3945 1021 4008; x_wconf 82' lang='lat' dir='ltr'><strong>pertz&#39;nere</strong></span> <span class='ocrx_word' id='word_1_246' title='bbox 1034 3953 1137 4008; x_wconf 84' lang='lat' dir='ltr'><strong>propter</strong></span> <span class='ocrx_word' id='word_1_247' title='bbox 1146 3945 1210 4007; x_wconf 84' lang='lat' dir='ltr'><strong>sun-</strong></span> 
     </span>
     <span class='ocr_line' id='line_1_32' title="bbox 110 4022 1212 4090; baseline 0.001 -16"><span class='ocrx_word' id='word_1_248' title='bbox 110 4023 223 4074; x_wconf 83' lang='lat' dir='ltr'><strong>damenta</strong></span> <span class='ocrx_word' id='word_1_249' title='bbox 251 4025 376 4074; x_wconf 79' lang='lat' dir='ltr'><strong>cuz&#39;uedam</strong></span> <span class='ocrx_word' id='word_1_250' title='bbox 403 4025 539 4078; x_wconf 80' lang='lat' dir='ltr'><strong>destructae</strong></span> <span class='ocrx_word' id='word_1_251' title='bbox 570 4045 586 4076; x_wconf 88' lang='lat' dir='ltr'><strong>a</strong></span> <span class='ocrx_word' id='word_1_252' title='bbox 615 4027 724 4090; x_wconf 76' lang='lat' dir='ltr'><strong>poponis</strong></span> <span class='ocrx_word' id='word_1_253' title='bbox 756 4024 911 4083; x_wconf 83' lang='lat' dir='ltr'><strong>ecclesiolae,</strong></span> <span class='ocrx_word' id='word_1_254' title='bbox 938 4039 1008 4088; x_wconf 81' lang='lat' dir='ltr'><strong>quarn</strong></span> <span class='ocrx_word' id='word_1_255' title='bbox 1036 4022 1212 4077; x_wconf 81' lang='lat' dir='ltr'><strong>Willihrordes</strong></span> 
     </span>
     <span class='ocr_line' id='line_1_33' title="bbox 109 4103 1210 4170; baseline 0.004 -18"><span class='ocrx_word' id='word_1_256' title='bbox 109 4103 217 4152; x_wconf 82' lang='lat' dir='ltr'><strong>dirutam</strong></span> <span class='ocrx_word' id='word_1_257' title='bbox 243 4121 319 4169; x_wconf 81' lang='lat' dir='ltr'><strong>usque</strong></span> <span class='ocrx_word' id='word_1_258' title='bbox 345 4105 379 4154; x_wconf 89' lang='lat' dir='ltr'><strong>ad</strong></span> <span class='ocrx_word' id='word_1_259' title='bbox 404 4107 480 4156; x_wconf 82' lang='lat' dir='ltr'><strong>solam</strong></span> <span class='ocrx_word' id='word_1_260' title='bbox 506 4108 531 4156; x_wconf 85' lang='lat' dir='ltr'><strong>in</strong></span> <span class='ocrx_word' id='word_1_261' title='bbox 558 4106 657 4158; x_wconf 82' lang='lat' dir='ltr'><strong>castello</strong></span> <span class='ocrx_word' id='word_1_262' title='bbox 685 4105 797 4156; x_wconf 83' lang='lat' dir='ltr'><strong>Treiecto</strong></span> <span class='ocrx_word' id='word_1_263' title='bbox 815 4105 955 4170; x_wconf 84' lang='lat' dir='ltr'><strong>reperit..,·</strong></span> <span class='ocrx_word' id='word_1_264' title='bbox 973 4113 996 4152; x_wconf 89' lang='lat' dir='ltr'><strong>et</strong></span> <span class='ocrx_word' id='word_1_265' title='bbox 1013 4104 1085 4166; x_wconf 78' lang='lat' dir='ltr'><strong>refert</strong></span> <span class='ocrx_word' id='word_1_266' title='bbox 1103 4105 1162 4168; x_wconf 80' lang='lat' dir='ltr'><strong>quia</strong></span> <span class='ocrx_word' id='word_1_267' title='bbox 1179 4109 1210 4156; x_wconf 85' lang='lat' dir='ltr'><strong>ab</strong></span> 
     </span>
     <span class='ocr_line' id='line_1_34' title="bbox 111 4183 1210 4253; baseline 0.004 -21"><span class='ocrx_word' id='word_1_268' title='bbox 111 4183 212 4246; x_wconf 82' lang='lat' dir='ltr'><strong>antiquo</strong></span> <span class='ocrx_word' id='word_1_269' title='bbox 240 4201 294 4249; x_wconf 76' lang='lat' dir='ltr'><strong>repe</strong></span> <span class='ocrx_word' id='word_1_270' title='bbox 320 4183 472 4236; x_wconf 63' lang='lat' dir='ltr'><strong>dioscorum</strong></span> <span class='ocrx_word' id='word_1_271' title='bbox 498 4185 640 4253; x_wconf 72' lang='lat' dir='ltr'><strong>Dapoberto</strong></span> <span class='ocrx_word' id='word_1_272' title='bbox 667 4186 789 4236; x_wconf 79' lang='lat' dir='ltr'><strong>castellum</strong></span> <span class='ocrx_word' id='word_1_273' title='bbox 810 4183 945 4234; x_wconf 84' lang='lat' dir='ltr'><strong>Traiectum</strong></span> <span class='ocrx_word' id='word_1_274' title='bbox 964 4200 1015 4234; x_wconf 83' lang='lat' dir='ltr'><strong>cum</strong></span> <span class='ocrx_word' id='word_1_275' title='bbox 1034 4184 1156 4235; x_wconf 80' lang='lat' dir='ltr'><strong>destructa</strong></span> <span class='ocrx_word' id='word_1_276' title='bbox 1173 4203 1210 4236; x_wconf 89' lang='lat' dir='ltr'><strong>ee-</strong></span> 
     </span>
     <span class='ocr_line' id='line_1_35' title="bbox 110 4259 869 4334; baseline 0.007 -23"><span class='ocrx_word' id='word_1_277' title='bbox 110 4259 187 4312; x_wconf 81' lang='lat' dir='ltr'><strong>clesia</strong></span> <span class='ocrx_word' id='word_1_278' title='bbox 204 4260 239 4314; x_wconf 84' lang='lat' dir='ltr'><strong>ed</strong></span> <span class='ocrx_word' id='word_1_279' title='bbox 257 4261 420 4316; x_wconf 79' lang='lat' dir='ltr'><strong>Colonieneem</strong></span> <span class='ocrx_word' id='word_1_280' title='bbox 435 4267 578 4334; x_wconf 76' lang='lat' dir='ltr'><strong>parochiam</strong></span> <span class='ocrx_word' id='word_1_281' title='bbox 595 4267 708 4318; x_wconf 81' lang='lat' dir='ltr'><strong>donatum</strong></span> <span class='ocrx_word' id='word_1_282' title='bbox 725 4264 802 4323; x_wconf 69' lang='lat' dir='ltr'><strong>sitisse</strong></span> <span class='ocrx_word' id='word_1_283' title='bbox 820 4272 869 4316; x_wconf 80' lang='lat' dir='ltr'><strong>etc.</strong></span> 
     </span>
    </p>
   </div>
   <div class='ocr_carea' id='block_1_9' title="bbox 0 0 1567 5176">
    <p class='ocr_par' dir='ltr' id='par_1_9' title="bbox 0 0 1567 5176">
     <span class='ocr_line' id='line_1_36' title="bbox 0 0 1567 5176; baseline 0 0"><span class='ocrx_word' id='word_1_284' title='bbox 0 0 1567 5176; x_wconf 95' lang='lat' dir='ltr'><strong> </strong></span> 
     </span>
    </p>
   </div>
  </div>
 </body>
</html>
