3098 5176
527 444 598 494 LEX
618 445 822 494 FRISIONUM.
1156 448 1230 498 XXV

127 650 211 717 stam
241 645 331 736 trans
362 647 531 738 Lanbaohi
562 649 672 728 sitam,
703 648 940 730 demonstrant,
962 673 1047 736 quae
1071 649 1112 716 de
1136 651 1228 721 onitu

114 755 303 821 'christiano
327 757 361 821 in'
385 755 490 820 Frisia
513 753 618 820 media
641 755 863 821 constituendo
887 756 978 820 nobis
1002 766 1077 821 sunt
1100 755 1228 823 tradita.

132 861 231 928 Anno
258 860 324 926 755
349 859 535 930 Bonifacius
559 871 721 928 senectute
746 861 909 926 coniectus
933 885 973 926 ex
998 861 1124 926 abbatia
1147 858 1230 928 rul-

130 967 224 1032 densi
255 967 288 1033 in
320 963 474 1045 Frisiam,
507 989 603 1052 quam
629 964 703 1030 inde
727 966 774 1036 abv
792 989 874 1031 anno
901 970 967 1032 722
992 989 1056 1032 non
1079 966 1230 1052 frequen·

131 1083 278 1148 taverat,
314 1071 478 1157 profectus
512 1081 578 1150 est,
613 1081 646 1135 et
687 1069 836 1136 Treiecto
876 1072 1006 1150 relicto,
1047 1081 1084 1136 ut
1124 1073 1231 1138 verbis

134 1177 233 1245 Vitae
265 1175 299 1245 S..
331 1177 489 1242 Bonifacii
518 1199 587 1262 cap,
623 1175 667 1239 34
700 1187 789 1257 utar,
815 1199 877 1262 par
901 1179 1006 1246 Rheni
1018 1179 1161 1261 flaminis
1185 1180 1232 1243 al·
1284 1227 1292 1247 .

135 1307 221 1349 acam
250 1293 436 1368 penctrans,
469 1285 562 1347 aanor
593 1304 710 1370 aquosa
740 1281 910 1347 biaoariam
942 1307 1019 1347 arna
1045 1287 1233 1372 morediano,
1334 1358 1338 1369 1
1422 1335 1427 1349 ,
1474 1359 1492 1387 ᾖ

134 1403 223 1455 trans
247 1401 396 1475 arcanam,
435 1390 519 1474 qaod
551 1388 657 1472 linoae
687 1409 796 1452 eoram
825 1389 941 1452 dicitnr
965 1389 1107 1456 Arimara
1132 1389 1234 1477 (nune
1316 1372 1336 1456 s
1401 1426 1407 1454 ι
1437 1373 1463 1390 ”

133 1493 341 1580 Zuiderzee)‚
381 1513 484 1579 sospes
514 1491 670 1578 pervenit,
707 1491 797 1560 Mon..
835 1489 875 1556 G.
909 1491 956 1556 II.
987 1517 1018 1580 p.
1045 1497 1123 1563 349.
1172 1495 1234 1568 Vir

133 1610 267 1668 sanatus
302 1599 335 1663 in
370 1598 461 1685 pagis
497 1596 621 1663 Frisiae
652 1595 792 1675 mediae,
817 1597 935 1681 quibus
959 1609 1007 1662 est
1031 1622 1146 1666 nomen
1171 1597 1235 1667 Os·

138 1717 231 1792 tergo
266 1718 299 1768 et
334 1701 528 1790 Westergo,
565 1701 675 1770 docuit
710 1701 931 1788 evangelium
956 1713 1133 1793 terraerat
1156 1719 1233 1774 tunc

138 1833 240 1898 regno
258 1809 464 1873 Francorum
488 1805 647 1886 subiecta,
671 1817 703 1870 et
727 1829 811 1894 pago
836 1804 976 1894 Ostergo
1004 1821 1118 1876 vocato
1142 1836 1236 1900 prae-

137 1918 202 1992 iuit
236 1917 335 1984 Abba
366 1913 513 2004 quidam,
546 1935 643 2000 quem
682 1931 739 1977 rex
774 1911 933 1998 Pippinus
956 1921 1176 1986 nominaverat
1194 1923 1238 1995 ³⁷,

140 2027 204 2093 Die
236 2026 349 2112 quinto
381 2023 496 2090 mensis
527 2020 614 2086 Iunii
645 2043 673 2086 a.
707 2019 791 2098 755,
817 2043 916 2105 quum
940 2021 1126 2091 Bonifaeius
1149 2027 1238 2094 Doc-

138 2135 257 2220 iringae
289 2129 324 2214 (i.
354 2153 384 2194 e.
407 2127 574 2214 Dockam)
598 2127 631 2191 in
655 2148 740 2212 pago
765 2123 905 2213 Ostergo
927 2139 1063 2197 mortem
1088 2134 1239 2220 martyris

138 2239 283 2315 subiret,
306 2258 380 2322 pars
409 2225 594 2298 Frisionum
617 2230 703 2296 iliius
727 2242 833 2297 terrae
856 2244 927 2298 erat
950 2233 1139 2318 christiana„
1164 2263 1239 2325 pars

140 2367 220 2410 rere
244 2363 387 2429 pagana,
412 2338 486 2404 vide
510 2339 621 2404 Vitam
645 2335 802 2405 Bonifatii
826 2359 894 2424 cap.
919 2339 983 2420 36,
1007 2341 1098 2408 Mon.
1127 2342 1169 2409 G.
1193 2345 1240 2414 Π,

141 2472 217 2538 pag.
249 2448 327 2513 350.
374 2445 454 2510 Post
477 2454 611 2514 mortem
636 2441 670 2508 S.
694 2441 868 2522 Bonifaeii,
894 2441 1074 2532 Gregorius
1098 2448 1240 2536 discipu.

142 2556 196 2627 ius
219 2553 305 2631 eius,
329 2550 497 2635 usquead
521 2569 640 2614 annum
665 2546 751 2627 775,
773 2569 839 2638 quo
863 2560 1009 2618 mortuus
1033 2563 1095 2632 est„
1119 2555 1240 2643 guber-

142 2661 234 2726 navit
270 2657 436 2722 eeelesiam
471 2653 735 2729 Uitraiectinam3
770 2664 804 2717 et
839 2653 917 2719 Vita
950 2651 1118 2744 Gregorii,
1142 2684 1240 2746 quam

139 2763 271 2851 scripsit
295 2758 328 2832 S.
352 2757 556 2847 LinigernS‚
582 2755 734 2843 Gregorii
757 2755 949 2844 discipulus,
974 2770 1129 2843 testatur,
1161 2777 1240 2831 tem-

141 2893 223 2964 -pore
258 2865 409 2954 Gregorii
440 2875 475 2929 et
505 2863 590 2928 omni
622 2872 783 2948 tempore,
817 2885 881 2946 quo
913 2862 1072 2950 Pippinus
1104 2891 1241 2958 regnum

143 2985 287 3052 teneret,
318 2969 488 3038 Laubachi
518 2967 637 3032 flumen
667 2967 763 3038 finem
794 2965 892 3032 fuisse
915 2965 1098 3037 Frisionum
1119 2974 1242 3042 doctri*

143 3105 207 3148 -nae
237 3078 428 3146 christianae
458 3083 490 3140 et
518 3094 619 3161 regno
650 3072 851 3138 Francorum
874 3071 1084 3144 addictorum.
1131 3077 1242 3152 Verba

145 3185 278 3258 iaudata
313 3193 403 3250 sunt:
440 3183 596 3246 Doctrina
630 3204 688 3244 saa
723 3181 750 3249 b..
791 3178 971 3266 Greyoriaa
1011 3183 1183 3252 Traiectam
1215 3203 1243 3255 et

147 3292 290 3364 Dorstad
323 3311 392 3352 cam
426 3287 483 3350 illa
516 3285 689 3350 inradiavit
717 3297 813 3370 parte
848 3285 1029 3364 Fraternas,
1064 3313 1144 3376 qaae
1173 3308 1244 3359 {aaa

144 3397 294 3483 ‚temporis
328 3393 558 3458 christianitanis
592 3392 712 3455 nomino
745 3390 921 3456 corrobatur
928 3421 942 3477 ‚r
977 3393 1060 3457 idem
1096 3421 1188 3483 asqae
1211 3401 1245 3464 in

145 3506 254 3590 cairam
277 3499 490 3567 occidentalem
504 3497 647 3582 flaminis
671 3496 890 3579 qaod-dicitnr
912 3495 1068 3581 Layialoi,
1092 3503 1147 3567 abi
1170 3525 1244 3568 aaa.

137 3611 256 3700 finiam
290 3616 357 3672 erat
390 3605 626 3669 christianornm
659 3601 829 3665 brotonam
857 3623 894 3663 ao
911 3623 1109 3686 payaaoram
1130 3611 1246 3676 aaaron&

146 3716 256 3781 ,diebos
290 3710 425 3797 Pippini
454 3709 551 3794 rato
586 3703 666 3771 Vita
692 3704 732 3771 B.
769 3701 922 3791 Gregorii
957 3726 984 3769 o.
1015 3706 1075 3785 10,
1100 3706 1187 3775 Acta
1210 3711 1244 3782 S,

149 3819 272 3892 Bened.
303 3839 385 3886 saec.
417 3812 484 3883 ΠΙ.
513 3808 831 3896 od.venor.11.p.
856 3811 934 3881 295,
973 3810 1186 3903 'Dockingae
1212 3820 1245 3890 in

139 3989 309 4012 Μ

186 4061 245 4125 (37)
279 4058 344 4108 Vita
369 4053 456 4104 Bonis.
482 4069 503 4102 e.
530 4057 578 4102 40:
610 4049 679 4101 Uoco
696 4052 740 4114 qai
755 4048 862 4112 officium
877 4051 1047 4114 praefecturae
1063 4056 1193 4111 secundare
1208 4059 1248 4114 ia-

151 4141 240 4191 dictam
265 4136 370 4204 ylariosi
388 4133 495 4202 Pippini
520 4133 585 4198 roais
602 4148 677 4196 saper
691 4148 782 4196 payara
800 4130 921 4197 laetamque
937 4129 1006 4182 iilam
1022 4131 1053 4194 (i.
1070 4149 1093 4184 a.
1111 4135 1248 4200 „Osmrw

149 4223 219 4282 ,ow
235 4227 261 4277 ot
279 4217 432 4289 Dockinga)
445 4216 564 4289 orabat,
581 4213 675 4268 aomina
690 4208 763 4266 Abba
772 4247 780 4276 ‚
795 4211 869 4266 Mon,
886 4209 921 4263 G·
938 4211 975 4266 II·
989 4227 1052 4283 pag,
1069 4219 1129 4270 853,

1086 4294 1108 4364 d
