3098 5176
570 427 641 475 LEX
660 420 865 478 suasionum
1157 431 1249 482 xum

140 626 330 707 formatum
354 632 526 696 nonenim
550 631 699 719 singulae
719 631 800 698 iuris
823 636 947 720 antiqui
970 637 1142 722 positiones
1169 651 1244 702 suot

139 744 303 814 mutatae,
330 737 387 802 sed
421 737 556 826 regulae
592 736 751 822 quaedam
777 740 942 826 generales
966 765 1068 809 novae
1091 743 1123 808 in
1149 763 1242 810 omns

138 840 191 906 ius
222 842 390 927 antiquum
422 842 549 908 Frisiae
570 839 739 921 inductae,
763 855 800 910 ut
824 847 1005 934 exemplum
1029 848 1160 914 afferam
1184 848 1242 914 tri·

137 944 267 1032 plicatio
303 948 494 1014 muletarum
519 959 552 1014 et
575 948 857 1036 compositionum,
880 950 921 1018 cle
946 975 1010 1038 qua
1034 976 1067 1039 p.
1088 952 1241 1020 XXXII

138 1043 238 1116 verba
272 1051 344 1118 feci.
390 1053 518 1120 Auctor
553 1051 739 1120 Additionis
775 1078 857 1142 opus
894 1079 989 1123 suum
1024 1081 1062 1124 ea
1097 1057 1240 1126 condidit

136 1168 261 1236 mente,
292 1169 329 1223 ut
360 1160 413 1223 ius
438 1161 578 1246 partium
601 1157 726 1224 Frisiae
750 1174 947 1248 exaequaret
970 1165 1000 1228 ei
1023 1164 1159 1230 aliorum
1182 1187 1241 1250 po·

135 1262 287 1348 pulcrum
311 1266 404 1352 regni
426 1264 637 1342 Franconici;
658 1261 693 1329 id
716 1267 853 1332 maxime
877 1267 993 1354 probat
1022 1269 1239 1358 weregeldum

134 1365 295 1433 Frisicum
330 1369 509 1435 Additione
543 1368 733 1456 Sapientum
768 1371 802 1435 in
840 1374 907 1437 160
936 1373 1054 1440 solidos
1090 1385 1239 1456 auctum,

135 1473 224 1556 quod
248 1485 317 1539 erat
340 1475 556 1564 weregeldum
581 1474 793 1560 complurium
816 1477 1010 1564 populorum
1027 1481 1120 1566 regni
1135 1480 1240 1548 Fran·

133 1579 255 1658 conici,
278 1591 316 1645 ut
338 1594 492 1647 testatum
515 1593 564 1646 est
586 1580 679 1646 titulo
704 1580 872 1648 XXXVI
888 1585 969 1673 legis
990 1585 1239 1671 Bipuariorum:

132 1687 163 1746 si
186 1686 253 1770 quis
276 1688 452 1773 Rspoaruue
469 1692 621 1754 advenam
646 1687 803 1752 Facturum
825 1691 1021 1777 antesfecan't,
1043 1694 1111 1757 200
1126 1694 1243 1758 solidos

132 1790 299 1875 culpaobs‘lie
320 1795 487 1871 iudicatum·
508 1796 552 1858 si.
566 1842 577 1856 .
589 1820 618 1870 .,·
639 1795 668 1855 si
691 1795 759 1877 quia
782 1795 959 1880 Rrpuordus
982 1799 1132 1862 advenam
1158 1798 1239 1864 Ala·

131 1919 298 1974 macaron,
330 1923 381 1964 aaa
414 1900 590 1976 Frieonam,
622 1920 674 1962 aen
697 1898 910 1979 Batnai-tum,
934 1924 988 1966 ean
1011 1903 1166 1968 &sonem
1189 1905 1238 1966 in·

131 2002 297 2088 tersecam't,
337 2005 404 2068 160
438 2005 545 2070 solidis
580 2003 741 2089 culpabilia
776 2005 932 2070 iudicatur.
986 2006 1078 2087 Quod
1111 2010 1140 2072 a·
1169 2031 1236 2074 cum

130 2119 255 2191 orpnzto
290 2109 406 2174 salvem
440 2111 614 2196 contigerit,
645 2129 708 2194 pro
743 2110 839 2174 solido
876 2112 1038 2177 duodecim
1065 2114 1236 2192 ¹clericatos,

128 2213 207 2276 sicut
229 2215 394 2298 antiquiora
417 2229 459 2280 est
481 2217 671 2280 consanam
689 2216 730 2279 ⁵¹.

178 2317 315 2383 Ratione
352 2319 461 2384 habita
496 2320 593 2384 huius
628 2321 798 2398 momenti,
836 2321 923 2404 quod
958 2323 1161 2408 agnoscimus
1200 2325 1233 2387 in

128 2421 310 2488 Additione
332 2424 412 2512 legis
438 2424 620 2490 Frisiorum
645 2426 788 2504 condite,
813 2426 906 2490 multi
934 2427 992 2492 viri
1017 2427 1120 2504 docti,
1149 2428 1233 2494 inter

129 2512 212 2614 quos
243 2530 382 2614 primum
413 2531 540 2596 nomino
574 2529 733 2597 Mathiam
767 2529 807 2596 de
830 2529 967 2611 Wicht,
991 2528 1232 2598 Ostfriesisches

126 2632 332 2712 Landrecht,
369 2634 497 2701 Aurich
536 2638 636 2701 1746.
683 2635 880 2702 Verbericht
914 2660 945 2723 p.
988 2638 1046 2716 67,
1087 2638 1231 2704 arbitrati

127 2751 221 2818 sunt,
257 2739 414 2806 Karolum
451 2741 612 2829 Magnum
647 2742 781 2806 eandem
817 2763 902 2805 anno
938 2743 1003 2807 802
1040 2743 1233 2822 instituisse;

126 2845 232 2930 iisque
255 2849 433 2912 assentiam.

92 2963 102 2978 '
174 2949 316 3016 Karolus
353 2953 495 3040 Magnus
530 2976 664 3019 munere
699 2953 900 3039 imperatoris
937 2960 1103 3039 suscepto,
1136 2976 1230 3020 suum

125 3079 196 3121 esse
230 3055 404 3136 iudicarit,
435 3057 594 3144 quaedam
625 3059 771 3125 instituta
801 3060 833 3124 in
867 3079 1048 3144 regnosco
1073 3053 1229 3139 condere,

124 3162 269 3249 inprimis
305 3175 411 3228 autem
447 3163 591 3244 efficere,
626 3178 664 3230 ut
699 3164 834 3250 quilibet
867 3165 918 3228 ius
946 3185 1041 3228 suum
1069 3163 1229 3242 obtineam

124 3290 191 3354 quo
227 3269 357 3334 consilio
393 3270 480 3356 leges
517 3270 658 3336 omnium
693 3269 885 3357 populorum
924 3269 982 3334 sibi
1012 3269 1227 3338 subiectorum

123 3373 287 3439 emendari
310 3375 403 3440 iussit
421 3379 462 3440 ⁵2.
487 3450 488 3453 Ἴ
509 3374 654 3441 Annales
671 3373 964 3441 Laureshamenses
981 3387 1013 3439 et
1029 3373 1227 3459 Einhardus,

123 3480 157 3545 in
193 3479 271 3545 Vite
305 3479 420 3546 Karoli
454 3480 588 3568 Magni,
625 3481 772 3560 tradunt,
808 3481 870 3545 hoc
905 3479 1027 3546 factum
1061 3502 1147 3559 esse3
1180 3481 1227 3547 illi
1256 3487 1257 3492 ’

160 3772 190 3816 51
227 3767 345 3820 Titulum
370 3767 493 3818 XXXVI
519 3767 571 3830 legi
598 3767 718 3830 antiquae
737 3766 920 3830 Ripuariorum
939 3766 1067 3816 adiectum
1083 3774 1147 3831 puto
1165 3778 1225 3834 post

122 3863 219 3899 annum
245 3853 310 3911 802,
334 3849 401 3898 conf.
418 3847 511 3910 Roggc
529 3847 571 3897 De
589 3847 716 3912 peculiari
733 3845 799 3909 legis
817 3845 878 3910 Rip.
896 3860 954 3895 enm
972 3844 1028 3896 Sal.
1044 3861 1114 3897 nexu
1131 3863 1156 3912 p.
1175 3853 1226 3912 27,

122 3926 218 3994 Gaupp
244 3929 365 3980 German.
386 3927 519 3980 Abhaudl.
544 3943 571 3992 p.
589 3933 622 3989 2,
640 3925 739 3978 Stobbe
756 3925 850 3978 Geseh.
869 3929 915 3978 der
932 3927 1083 3980 Deutseheo
1100 3928 1228 3994 Rechtsq..

119 4008 142 4058 1.
161 4024 187 4073 p.
205 4015 252 4072 63,
269 4008 366 4058 Waltz.
383 4007 633 4057 Miinzverh'altnisse
650 4021 676 4070 p.
697 4011 736 4057 1⁵.

155 4093 188 4138 52
222 4087 294 4138 Vide
318 4087 452 4138 Eichhorn
476 4086 511 4137 D.
537 4086 661 4149 Rechtsg.
688 4088 702 4150 §
731 4091 778 4136 14³
804 4085 990 4151 Anmerkung,
1019 4093 1045 4136 et
1072 4087 1159 4139 Waita
1188 4089 1225 4143 D.

118 4169 194 4220 vers.
211 4167 244 4218 G.
261 4168 316 4220 ΙΙΙ.
328 4183 355 4234 p.
375 4173 430 4218 189.
464 4167 507 4218 De
531 4167 648 4218 conciliis
666 4181 682 4217 a
699 4166 807 4218 ‘Kerolo
823 4167 980 4232 imperatore
997 4169 1070 4220 sonis
1089 4174 1226 4224 sol-8⁰&

118 4250 269 4301 convocatis
285 4248 345 4300 ride
363 4247 450 4299 Waltz
468 4249 513 4299 1.1.
531 4263 557 4312 p.
576 4252 636 4301 284.
