3020 5174
523 456 592 504 LEX
615 453 822 501 FRISIONUM.

642 679 688 723 vr.

164 763 199 830 Si
230 767 310 831 liber
346 767 377 829 in
403 765 540 831 nobilem
566 766 724 830 hominem
749 765 811 829 tale
836 766 939 829 scelus
964 764 1082 830 dicitur
1107 791 1221 853 perpe·

117 882 235 951 masse,
268 871 413 937 similiter
449 882 485 937 ut
517 873 632 936 nobilis
656 886 854 936 sacramento
879 895 913 936 se
938 885 1087 950 excuset,
1112 872 1221 937 addita

117 998 216 1061 super
246 990 480 1044 sacramentum
512 977 599 1062 quod
631 977 746 1042 nobilis
778 979 886 1044 iurare
912 975 1023 1054 debet,
1047 977 1147 1062 ipsius
1172 1001 1222 1042 aa·

116 1083 271 1148 oramenti
303 1083 398 1147 tertia
430 1082 575 1168 portione
583 1106 592 1159 ;
626 1091 682 1146 aut
714 1082 739 1146 si
776 1103 894 1167 negare
918 1104 981 1145 non
1006 1082 1164 1167 potuerit,
1190 1094 1223 1148 et

114 1186 276 1252 homicida
308 1187 464 1266 defuerit,
498 1186 601 1252 solvat
633 1186 760 1250 tertiam
792 1197 916 1272 partem
948 1184 1053 1251 leudis
1085 1187 1170 1264 eius3
1196 1189 1222 1252 ai

114 1315 195 1356 vero
219 1293 378 1358 homicida
402 1291 486 1358 infra
509 1294 644 1379 patriam
670 1290 785 1368 fuerit,
810 1313 870 1355 nec
893 1292 993 1368 iuret,
1017 1313 1076 1355 nec
1099 1293 1222 1378 aliquid

119 1396 235 1477 solvat,
260 1398 315 1462 sed
340 1411 464 1464 tantum
489 1399 669 1463 inimicitias
686 1399 941 1484 propinquorum
959 1397 1052 1462 occisi
1069 1399 1221 1483 patiatur,

114 1500 218 1568 donec
242 1526 314 1567 curn
341 1505 386 1568 eis
410 1505 443 1568 iu
468 1505 606 1591 gratiam
631 1515 822 1568 revertatur.

622 1627 671 1671 vrr
690 1613 731 1671 28.

163 1708 199 1776 Si
222 1736 300 1778 vero
325 1715 490 1780 delibero
515 1711 600 1778 idem
625 1713 729 1778 scelus
754 1713 782 1776 ei
806 1715 994 1799 imputetur,
1020 1715 1078 1779 sibi
1104 1727 1219 1800 quarto

38 1875 42 1880 ,
113 1831 349 1884 sacramentum
382 1821 484 1897 iuret,
520 1820 570 1884 vel
603 1821 629 1883 si
663 1816 821 1882 homicida
858 1818 1056 1907 profugerit,
1093 1821 1220 1885 tertiam

113 1925 292 2013 portionem
324 1925 429 1991 leudis
463 1928 531 1991 eius
565 1935 753 2012 componat,
778 1926 804 1988 si
829 1947 948 2012 negare
973 1948 1037 1990 uon
1061 1927 1203 2010 potuerit
1211 1951 1220 2002 ;

112 2029 141 2092 si
165 2052 242 2094 vero
265 2030 425 2096 homicida
448 2031 532 2097 infra
556 2032 691 2117 patriam
716 2047 779 2108 est,
804 2052 863 2096 nec
887 2031 989 2108 iuret,
1015 2054 1073 2096 nec
1097 2032 1220 2118 aliquid

112 2134 235 2214 solvat,
270 2137 326 2201 sed
367 2148 491 2202 tantum
533 2149 570 2202 ut
605 2137 752 2223 superius
788 2135 930 2200 faidosus
949 2141 980 2186 2⁹
1017 2151 1220 2223 permaneat,

112 2239 216 2305 donec
240 2241 271 2305 iu
296 2243 432 2331 gratiam
456 2266 531 2308 cum
555 2243 749 2329 propinquis*
769 2242 863 2306 occisi
888 2253 1077 2309 revertatur.

627 2367 703 2412 vm.

161 2449 198 2516 Si
222 2452 262 2516 de
294 2455 352 2518 lito
376 2453 460 2519 idem
494 2455 623 2540 agitur,
654 2452 844 2538 adempta³⁰
875 2453 1064 2517 sacramenti
1088 2452 1219 2518 dimidia

111 2558 276 2642 portione,
308 2561 416 2624 iurare
450 2559 595 2637 debebit3
629 2571 684 2623 aut
719 2561 744 2622 si
769 2580 887 2643 negare
912 2580 976 2622 non
1000 2560 1160 2643 potuerit,
1185 2573 1217 2624 et

110 2664 271 2730 homicida
307 2663 492 2751 profugium
528 2665 622 2742 fecit,
660 2676 695 2727 ut
732 2662 879 2748 superius
917 2663 1054 2726 diximus
1090 2667 1216 2733 tertiam

110 2771 290 2856 portionem
321 2770 424 2836 leudis
457 2772 526 2835 eius
550 2782 739 2856 componat3
769 2769 796 2832 si
822 2790 897 2832 vero
922 2769 1081 2835 homicida
1104 2769 1216 2855 profu-

111 2875 203 2962 gium
235 2899 299 2940 non
332 2875 424 2955 fecit,
459 2877 621 2963 expositor
653 2897 713 2938 nec
736 2875 837 2950 iuret,
864 2896 923 2938 uec
948 2873 1070 2960 aliquid
1094 2874 1215 2954 solvat,

111 2979 168 3045 sed
201 2992 324 3047 tantum
364 2994 402 3050 ut
434 2983 581 3068 superius
618 2981 797 3045 inimicitias
830 2981 1084 3069 propinquorum
1118 2982 1213 3046 occisi

110 3087 261 3172 patiatur.

635 3215 683 3260 rx.

158 3295 195 3363 Si
225 3299 302 3364 litus
329 3300 370 3365 de
394 3302 492 3366 nobili
517 3303 645 3367 homine
670 3300 782 3365 eodem
807 3300 926 3365 scelere
951 3297 1050 3364 fuerit
1073 3301 1213 3365 incrimi-

109 3413 223 3484 natur,
260 3406 345 3471 iuret
377 3405 547 3471 medietate
572 3407 683 3471 maiori
711 3414 925 3482 sacramento,
962 3427 1058 3490 quam
1081 3404 1163 3470 liber
1180 3409 1210 3454 ³1

110 3509 152 3574 de
183 3511 283 3576 nobili
316 3511 423 3578 iurare
454 3512 569 3578 debeat
577 3537 586 3589 ;
619 3522 675 3576 aut
707 3511 732 3573 si
764 3532 883 3596 negare
907 3531 969 3574 non
994 3510 1153 3595 potuerit,
1178 3522 1211 3575 et

108 3615 270 3681 homicida
308 3615 463 3698 defuerit,
498 3619 605 3683 omnia
641 3627 678 3681 ut
713 3616 862 3701 superius
894 3614 934 3680 de
966 3614 1035 3678 aliis
1066 3617 1210 3701 personis

109 3721 229 3807 scripta
260 3734 336 3787 sunt
366 3725 514 3811 impleat3
547 3723 633 3810 quod
666 3723 692 3786 si
728 3721 768 3786 de
803 3719 902 3784 libero
937 3717 1021 3784 idom
1057 3721 1160 3785 scelus
1178 3727 1210 3770 32

108 3828 138 3892 ei
172 3828 366 3914 imputetur,
400 3830 570 3896 medietate
602 3828 714 3894 maiori
746 3835 943 3892 sacramento
974 3829 1076 3905 iuret,
1112 3849 1209 3912 quam

107 3931 190 3996 liber
222 3933 262 3998 de
300 3936 401 4001 libero
436 3941 543 4002 iurare
579 3936 708 4015 debeat,
744 3943 800 3998 aut
835 3933 861 3995 si
896 3955 1016 4020 negare
1052 3955 1115 3996 uon
1151 3955 1209 4018 po·

107 4038 227 4116 tuerit,
264 4051 296 4104 et
331 4042 491 4108 homicida
521 4042 719 4130 profugerit,
755 4039 882 4103 tertiam
906 4039 1084 4123 portionem
1108 4037 1210 4104 leudis

107 4156 296 4230 componat,
331 4159 363 4212 et
394 4150 499 4214 omnia
523 4158 560 4213 ut
584 4147 732 4235 superius
758 4143 842 4210 dicta
867 4153 941 4208 suut
965 4143 1098 4230 implere
1123 4168 1207 4212 com·

107 4249 258 4340 pellatur.
