3028 5184
347 395 440 461 Ans.
461 393 544 460 sap.
587 391 616 458 r
637 413 650 457 1
672 413 703 458 a.
724 391 785 459 111.
827 399 842 480 5
864 398 916 464 ra
1123 397 1185 461 103

89 585 261 646 mundechafr
291 590 316 650 I.
345 611 375 668 p.
409 591 458 648 lll
488 601 516 648 et
537 589 584 648 W.
607 589 819 667 Wackernagel
840 593 891 648 llio
912 592 1108 654 Lebeosaller.
1128 591 1194 646 Ba:

89 677 124 734 sel
145 676 227 742 1862,
245 698 274 754 p.
296 679 343 738 51.

124 766 151 802 ³⁸
192 768 224 827 Si
244 788 318 844 puer
337 770 470 845 impubes
493 771 617 827 cuilibet
635 772 745 827 uulnere
764 773 916 836 intulerit,
936 774 970 828 in
989 774 1182 845 simplocom-

82 866 178 930 ponat‚
207 858 230 914 i.
260 878 285 916 e.
316 860 431 916 tertiam
461 868 573 936 partem
604 858 728 916 mulctae
760 860 861 923 solvat,
891 880 978 936 quam
1000 863 1123 935 puberes
1142 862 1179 918 ob

83 965 139 1002 eam
168 967 229 1004 rem
261 948 422 1012 dedisscute
449 948 532 1024 quod
564 947 683 1024 quidem
715 967 748 1006 eo
777 947 964 1014 efficiebatur,
984 959 1014 1006 ut
1045 959 1181 1025 lemporo,

85 1054 134 1110 quo
162 1035 277 1095 Addilio
298 1039 469 1114 Sapicnlum
488 1037 676 1101 condebatur,
696 1057 794 1094 omnes
812 1037 872 1095 iere
893 1039 1016 1095 mulctae
1036 1040 1179 1116 simplices

84 1126 147 1182 iuris
168 1126 270 1184 Frisici
291 1129 391 1185 veleris
411 1147 426 1180 >r
438 1132 500 1184 ter”
522 1136 615 1184 esseut
634 1126 795 1184 solvendae.
839 1127 928 1184 Initio
948 1128 1053 1184 saeculi
1074 1128 1179 1186 decimi

83 1215 153 1272 tertii
180 1218 363 1293 paragrapho
393 1216 563 1274 duodecima
593 1216 691 1291 legum
720 1215 904 1281 Frisicarum,
925 1237 998 1292 quae
1020 1218 1102 1294 vulgo
1122 1221 1177 1275 tbo

84 1303 117 1360 21
143 1305 356 1363 londriucbtc
386 1315 535 1371 uocantur.
566 1306 600 1362 in
620 1324 703 1360 usum
724 1303 832 1361 Frisiae
852 1307 962 1368 mediae
984 1316 1011 1362 et
1030 1307 1178 1364 orientalis

82 1402 201 1450 unctum
232 1404 286 1460 est,
317 1404 349 1453 ul
374 1397 455 1471 quod
483 1398 587 1470 insane
617 1398 704 1470 infru
735 1414 828 1452 annos
848 1397 1014 1468 fecerit...
1042 1398 1176 1455 dimidia

84 1483 195 1539 emendo
227 1486 451 1550 mandaretur,
481 1485 556 1542 conf.
589 1483 678 1542 Fries.
708 1484 842 1562 liechtsq.
873 1503 903 1560 p.
932 1484 980 1550 60,
1010 1485 1064 1550 30;
1089 1507 1177 1562 quam

82 1573 304 1630 constitutionem
335 1575 466 1649 sequitur
497 1581 588 1630 lexlus
620 1571 745 1630 Frisicus
774 1573 852 1629 illius
882 1576 1074 1650 paragraphi.
1102 1595 1177 1652 quae

83 1659 177 1735 legiler
205 1663 240 1720 in
271 1662 366 1720 codice
397 1664 592 1738 manuscriplo
623 1681 687 1718 meo
717 1662 789 1718 iuris
808 1661 997 1738 Iiirelgoeusis
1015 1684 1044 1739 p.
1066 1663 1121 1721 202
1140 1685 1176 1722 so

82 1751 152 1806 bwet
180 1770 214 1809 ao
244 1755 387 1810 reniericb
416 1753 495 1810 kind
523 1753 605 1816 deth.
634 1771 669 1808 eo
699 1753 779 1808 selsel
796 1771 846 1808 ow
867 1753 914 1808 bit
934 1754 994 1808 clio
1013 1758 1077 1810 beta
1096 1757 1176 1812 milla

83 1839 194 1898 bolcere
210 1845 284 1907 bote,
304 1861 396 1917 aeque
415 1861 449 1898 ac
468 1851 574 1906 textus,
592 1843 643 1917 qui
663 1841 738 1898 inest
757 1841 790 1897 in
811 1848 982 1897 statutorum
999 1843 1176 1910 collectione,

81 1947 147 2002 quae
175 1931 276 1989 attinet
307 1931 343 1987 ad
372 1951 477 2008 pagum
499 1931 638 1988 lirisicum
659 1930 817 2006 Weslergo‚
837 1931 912 1988 conf.
933 1929 1021 1988 Fries.
1043 1932 1175 2010 Reohlsq.

80 2037 137 2095 pag.
166 2020 213 2086 61,
243 2021 282 2078 35
312 2023 351 2095 (et
381 2021 433 2078 Ms.
459 2041 556 2077 meum
577 2021 607 2079 S.
627 2041 657 2096 p.
677 2019 764 2096 iib);
784 2020 965 2077 meletiam
986 2021 998 2096 fi
1019 2021 1174 2080 rosulae

81 2107 313 2188 Weslergoensisz
344 2114 394 2185 ies
416 2113 463 2168 bit
494 2112 601 2167 baemtb
622 2112 687 2183 fan
717 2110 818 2184 bncpa
846 2113 923 2184 iesta
942 2113 1006 2184 fan
1036 2115 1174 2188 orriere‘gc

80 2197 190 2265 boden,
219 2203 287 2258 thet
319 2203 381 2258 ibet
411 2202 469 2257 bace
500 2201 600 2257 acarde
628 2219 647 2256 a
676 2201 807 2265 brunda,
835 2201 901 2256 aad
918 2203 1001 2256 einrc
1020 2204 1098 2259 bura
1117 2205 1175 2260 bue

79 2289 214 2348 oldermei
233 2293 301 2365 sorr
323 2293 425 2354 borne,
452 2311 486 2347 ea
516 2292 573 2347 acb
594 2292 656 2346 lbet
677 2291 725 2346 tbi
744 2291 818 2346 berc
840 2298 869 2345 to
888 2292 989 2347 belone
1007 2294 1085 2348 mitia
1107 2295 1172 2349 bol-

80 2395 137 2434 oere
168 2381 239 2443 bote,
274 2382 337 2437 thet
365 2382 413 2436 siu
435 2379 537 2452 kaupo
557 2378 613 2433 dea
634 2379 715 2440 beth,
736 2386 802 2440 etc..
822 2376 911 2433 liries.
933 2378 986 2452 Rq.
1005 2399 1036 2453 p.
1057 2380 1112 2437 473
1133 2383 1172 2456 (el

78 2463 123 2522 Ms.
151 2487 246 2524 meum
280 2468 310 2526 S.
342 2488 371 2545 p.
405 2467 457 2524 157
485 2477 510 2524 el
543 2487 573 2542 p.
602 2463 680 2541 llo).
720 2464 795 2520 Loco
815 2466 980 2522 »emendae
999 2467 1169 2534 dimidiam,

78 2573 155 2627 quam
184 2557 231 2614 lex
264 2557 350 2613 citata
380 2557 576 2620 constituerat,
605 2554 718 2611 sacculo
748 2553 828 2618 XlV,
858 2554 991 2631 pluribus
1012 2556 1043 2612 in
1063 2558 1170 2615 Frisiae

79 2645 148 2719 pagis
176 2646 233 2703 duo
266 2647 383 2702 irienles
410 2645 550 2702 emendae
578 2645 682 2721 plenae
714 2643 917 2708 solvebanture
949 2646 1012 2703 ride
1041 2646 1116 2703 locos
1135 2668 1170 2706 ex

78 2732 210 2791 codicibus
236 2734 292 2792 Ms.
322 2753 463 2812 pagorum
484 2734 633 2808 Hunesgo,
653 2733 773 2807 Emesgo
792 2741 819 2788 et
840 2733 997 2809 Weslergo‚
1017 2735 1118 2792 allatos
1138 2738 1168 2792 in

80 2819 157 2880 llries.
186 2825 321 2900 Rechlsq.
354 2845 382 2900 p.
417 2824 466 2888 60,
495 2822 541 2880 33.
572 2822 620 2887 62,
652 2823 677 2880 l.
707 2820 775 2886 226,
806 2820 843 2877 35
874 2831 901 2878 el
929 2822 961 2879 in
983 2823 1116 2882 comilis.
1137 2826 1168 2882 S.

78 2929 103 2986 p.
131 2912 199 2975 libe
220 2923 250 2971 ei
271 2914 445 2989 quibusdam
465 2914 498 2970 in
518 2913 594 2972 rillio
613 2910 727 2968 Frisicis
746 2911 808 2986 ipsa
826 2913 948 2968 emenda
968 2914 1067 2989 plena,
1085 2915 1168 2972 nulla

79 3010 148 3074 parte
176 3005 236 3061 eius
269 3003 401 3068 deducta,
436 3003 599 3060 solvebatur
629 3001 795 3058 auctoritaie
825 3000 895 3076 legis
925 3021 959 3059 ex
989 3003 1084 3060 codice
1115 3004 1166 3063 bis.

81 3089 250 3168 limesgoensi
279 3093 310 3148 in
339 3091 427 3150 Fries.
458 3092 512 3168 Rq.
542 3112 571 3168 p.
602 3090 660 3148 226
688 3090 739 3149 liu.
761 3089 800 3147 36
819 3092 893 3168 lypis
912 3091 1078 3168 impressae.
1119 3093 1168 3150 lus

78 3175 205 3238 lrisicum
235 3182 390 3256 antiquum
421 3190 529 3246 aulem,
557 3181 589 3237 in
619 3179 744 3257 capitulo
772 3179 811 3236 70
838 3181 914 3238 tituli
942 3181 986 3238 111
1008 3181 1167 3240 Addilioois

78 3270 238 3342 expositum,
268 3270 392 3326 maxime
420 3269 584 3326 illustratur
613 3279 642 3326 el
672 3268 799 3346 capitulo
829 3269 847 3326 5
876 3270 954 3327 tituli
983 3271 1078 3332 XXIV
1097 3273 1166 3349 legis

78 3354 177 3415 Salioae
203 3360 250 3417 ed.
280 3359 390 3416 Merkel
419 3360 478 3432 (rel
507 3358 646 3423 xxvill,
676 3357 759 3415 bed.
779 3357 914 3432 Herold)=
935 3362 963 3415 si
977 3379 1058 3432 puer
1076 3364 1165 3427 infra

81 3443 109 3500 12
133 3467 223 3506 annos
254 3451 392 3524 aliquem
412 3452 532 3523 meboam
551 3447 860 3518 emmieerit‚fretue
877 3451 907 3503 ei
925 3451 1098 3506 necllotemas
1118 3470 1164 3506 re·
1218 3471 1219 3474 ¹

77 3539 213 3608 quirctur
241 3543 321 3612 (cum
348 3558 407 3614 quo
434 3537 640 3595 conferendam
668 3544 711 3592 est
730 3554 793 3610 cap.
814 3533 832 3592 5
851 3556 878 3594 a.
900 3535 957 3594 819
976 3537 1032 3612 legi
1053 3537 1163 3596 Salicae

76 3624 195 3686 additum
223 3629 256 3684 in
283 3627 361 3686 lion.
390 3629 422 3686 G.
451 3627 510 3686 LL.
538 3627 562 3686 l.
583 3647 612 3703 p.
632 3624 714 3702 226),
733 3633 760 3680 et
779 3625 844 3681 iure
864 3625 1091 3701 Sueogothorum
1110 3645 1164 3682 au·

77 3711 157 3788 liquo,
184 3737 244 3793 quo
273 3718 372 3775 omnia
400 3737 474 3794 quae
502 3716 669 3794 impuberes
687 3713 807 3773 fecerint
826 3715 863 3772 ad
883 3735 950 3772 casu
969 3716 1043 3772 iacta
1062 3717 1162 3790 aequi-

75 3815 221 3874 parantem
251 3807 288 3864 cf.
318 3809 441 3884 exempli
469 3807 563 3884 gratia
592 3805 746 3884 0sigolbal.
774 3805 806 3862 irr
834 3805 980 3902 Vapamal
1008 3804 1060 3865 XV
1090 3805 1160 3882 §32

74 3905 115 3959 cll
140 3911 357 3985 acqburmcgbc
384 3912 537 3985 gaeroing
566 3910 635 3967 take
661 3911 701 3966 til
720 3902 801 3996 cabo
820 3909 853 3986 (i.
873 3929 898 3966 e.
917 3912 1024 3984 casus),
1043 3909 1078 3964 ob
1099 3912 1160 3967 bac

74 4003 146 4062 bitir
173 4012 230 4085 egb
260 4031 345 4068 merc
365 4011 432 4084 firi
461 4013 538 4068 cilio
566 4031 624 4069 ceo
643 4013 710 4084 firi
728 4013 822 4107 copo,
842 4012 974 4086 Schlyler
992 4009 1032 4066 11.
1052 4030 1080 4087 p.
1102 4010 1159 4075 763

75 4107 132 4163 ride
157 4110 256 4170 wilda
284 4113 389 4172 Slrafr.
416 4133 446 4189 p.
476 4112 533 4173 6112
553 4122 581 4170 el
610 4113 679 4172 llire
700 4116 863 4174 Geschichie
882 4114 911 4171 d.
932 4113 1064 4171 lleulsch.
1087 4111 1160 4169 Vor-

75 4197 227 4267 muudsch„
246 4203 430 4262 Braunschu.
455 4201 582 4270 1862,1.
602 4223 631 4281 p.
652 4204 699 4262 70.
