3028 5184
493 427 609 493 quux
630 429 771 492 ltueuu.
816 480 819 486 ,
1128 430 1187 494 151

124 643 213 682 mauu
242 631 453 681 sacramentum
481 625 613 701 perficiat
642 624 683 689 ΙΙ,
707 623 762 689 10;
781 624 812 680 iu
833 625 1002 682 vestimento
1021 642 1073 681 suo
1092 639 1190 682 satra-

122 724 253 772 meutum
273 715 406 790 perficiat
427 714 528 779 111,5.
551 714 598 790 Os.
619 721 841 773 sacramentum.

86 805 205 880 per-fo
216 824 231 862 r
241 825 259 860 a
271 824 286 860 r
297 823 330 862 er
352 802 505 870 botellum,
522 823 633 871 eoram,
653 804 813 869 maxillam,
832 805 991 869 mithridri,
1010 823 1134 872 nasum,
1148 823 1191 870 os,

121 895 302 971 praemedia,
330 897 521 960 stomachum,
543 906 642 952 testam
663 895 756 960 XXII,
777 894 805 954 6.
827 893 874 952 49.
894 895 942 955 51.
962 893 1009 951 53.
1030 892 1077 951 54.
1098 892 1188 952 Add.

122 984 179 1049 ΙΙΙ,
210 985 256 1045 ΙΙ.
288 985 332 1042 12.
368 985 411 1042 Ι4.
442 985 489 1044 23.
518 986 564 1044 3Ι.
597 987 673 1044 Iud.
706 985 792 1044 Wul.
814 985 843 1044 2.
863 983 890 1043 3.
911 983 938 1042 6.
963 983 1009 1060 Cf.
1029 984 1188 1060 perforare,

123 1075 264 1142 traiicere,
283 1085 505 1152 transpungere.
937 1075 939 1078 ’

8 1165 9 1168 ’
85 1165 258 1242 perieul
273 1184 352 1225 ume
380 1165 432 1240 qui
461 1166 552 1222 alium
581 1165 613 1221 iu
644 1165 773 1240 periculo
803 1185 895 1241 aquae
914 1165 1078 1223 liberaverit
1098 1163 1187 1246 Adri.

8 1255 10 1292 l
123 1253 182 1320 Ill,
200 1254 248 1312 67.

8 1323 10 1402 .
85 1345 209 1419 periu
221 1363 236 1399 r
248 1363 308 1400 use
339 1343 375 1400 de
394 1343 518 1419 periuris
538 1345 794 1420 (euniuratoribus)
815 1341 894 1409 XIV,
915 1343 943 1402 3.
965 1342 1011 1417 Of.
1031 1344 1138 1402 iurare.

87 1453 103 1508 p
114 1453 130 1489 e
141 1453 155 1488 r
166 1451 179 1488 s
192 1451 209 1488 e
220 1433 230 1487 Ι
244 1451 352 1492 verer
373 1433 490 1498 solides,
510 1435 756 1510 cumpositiouem,
774 1434 900 1497 leudem,
919 1433 1116 1509 weregildum,
1129 1433 1188 1490 fre-

122 1522 189 1578 dam
212 1521 264 1586 IX,
286 1522 328 1580 13.
349 1522 385 1587 X,
408 1522 432 1580 l.
454 1523 534 1588 XIV,
558 1524 583 1580 l.
605 1523 632 1582 3.
654 1524 681 1582 4.
702 1523 797 1588 XVII,
819 1524 842 1581 Ι.
864 1521 1189 1587 ΧΧΙΙ,75.ΑιΙιΙ.ΙΙΙ,

122 1609 170 1668 58.
192 1609 239 1668 68.
262 1610 310 1684 Os.
329 1612 446 1676 solvere,
465 1613 619 1670 exsolvere.

84 1720 287 1777 personae
315 1703 339 1758 si
370 1702 446 1758 liber
476 1703 561 1758 hemo
591 1703 624 1758 iu
654 1721 805 1778 personam
826 1710 853 1758 et
873 1701 907 1758 in
926 1701 1074 1758 servitium
1092 1701 1139 1758 liti
1159 1722 1187 1759 se

121 1790 282 1848 subdiderit
301 1789 353 1854 XI,
376 1790 408 1855 l;
429 1790 536 1847 nobilis
555 1792 629 1848 iuret
659 1796 736 1863 (eum
769 1790 787 1848 2
816 1791 1095 1867 sacramentalibus),
1123 1811 1190 1869 pro·

122 1889 187 1956 pter
209 1880 338 1936 viliorem
358 1899 508 1955 personam
529 1881 614 1938 liberi
635 1881 759 1938 hominis
801 1881 843 1945 ΙΙ,
862 1879 899 1944 4,
920 1884 1033 1954 censer:
1052 1883 1193 1957 praedicti

121 1988 260 2046 personae
281 1969 304 2033 1.
328 1969 433 2032 l2;.‹le
452 1971 517 2027 aliis
535 1971 665 2047 personis
686 1971 728 2036 ΙΙ,
748 1970 784 2033 9;
804 1971 829 2026 si
849 1987 902 2027 nee
921 1989 981 2027 uua
999 1971 1037 2028 de
1056 1972 1101 2030 his
1119 1991 1188 2048 per-

121 2061 198 2117 sonis
217 2059 307 2117 fuerit
327 2059 408 2124 XIX,
426 2060 455 2118 2.
479 2060 526 2134 Of.
548 2063 641 2118 homo.

83 2149 310 2226 pertinere
347 2148 489 2205 hereditas
508 2169 581 2224 quae
602 2150 639 2206 ad
660 2169 725 2206 eum
747 2151 890 2225 pertinere
910 2149 1034 2206 debebat
1052 2146 1131 2214 XIX,
1154 2150 1185 2216 lr

123 2239 229 2294 mulcta
250 2237 287 2293 ad
306 2239 459 2295 haeredem
479 2241 621 2315 pertineat
642 2239 670 2302 Ι,
690 2240 717 2304 Ι;
744 2239 808 2303 XV,
828 2238 865 2303 33
886 2239 1025 2297 damnum
1046 2241 1083 2298 ad
1102 2241 1188 2298 illum
1305 2257 1307 2262 ·

122 2329 266 2405 pertineat
288 2328 377 2385 Add.
399 2326 482 2392 VIII,
506 2328 531 2386 Ι.

84 2439 173 2496 pes:
205 2419 237 2492 a)
269 2419 293 2474 si
324 2437 373 2493 pes
403 2419 543 2476 abscissus
562 2419 650 2476 luerit
670 2418 766 2482 XXII,
788 2417 834 2476 62.
855 2419 945 2475 Add.
965 2418 1021 2482 III,
1044 2418 1068 2476 I.
1090 2418 1145 2484 583
1165 2420 1189 2475 si
1303 2493 1305 2498 Ι

122 2508 194 2583 quld
225 2508 260 2563 de
292 2508 410 2564 brechio
440 2516 525 2583 atque
558 2527 660 2573 mauu,
681 2507 720 2564 ita
740 2508 776 2564 de
795 2523 865 2568 uota
884 2527 917 2564 ae
936 2508 1008 2585 pede
1029 2508 1187 2566 iudicatum

122 2607 164 2655 est
193 2596 291 2661 XXII,
322 2597 369 2654 79.
403 2596 453 2655 64.
485 2596 532 2672 Of.
561 2615 641 2662 roxa,
661 2617 737 2663 erus,
758 2599 839 2663 tibia,
858 2597 964 2674 digitus
984 2597 1075 2674 pedis,
1092 2597 1190 2674 pollex

127 2687 219 2763 pedis.
238 2689 267 2758 b)
292 2686 324 2742 12
343 2687 450 2763 pedum
471 2689 595 2764 spatium
616 2689 790 2764 (longitude)
811 2687 899 2746 Adel.
919 2688 975 2752 ΙΙΙ,
996 2687 1041 2744 16.
1061 2687 1109 2744 24.

82 2779 260 2854 pignusr
291 2776 332 2834 lle
360 2777 530 2853 pignoribus
559 2777 647 2834 Add.
668 2777 748 2835 VIII.
769 2781 886 2844 .inser.;
904 2779 929 2834 si
948 2777 1013 2852 quis
1032 2777 1064 2833 iu
1084 2776 1190 2852 pignus

122 2867 276 2943 susceperit
306 2885 421 2923 serrum
452 2875 503 2924 etc.
536 2867 625 2924 Actu.
646 2863 730 2932 vlu,
752 2867 832 2933 l;si
852 2866 916 2942 quis
936 2885 1050 2923 serrum
1070 2866 1188 2924 alterius

121 2975 174 3032 par
194 2956 252 3013 rim
272 2956 385 3012 sustulit
404 2957 534 3033 pignoris
555 2957 671 3014 numiue
693 2957 782 3014 Actu.
803 2955 935 3020 V111‚2.
958 2955 1006 3032 Cf.
1026 2964 1107 3032 pant.

82 3045 309 3124 placitume
339 3047 525 3122 interpellare
551 3047 582 3102 iu
616 3047 720 3124 placito
751 3047 794 3123 (iu
815 3047 922 3123 placitu
941 3047 1070 3124 publicu)
1089 3064 1184 3103 euram

122 3136 267 3193 iudicibus
297 3132 376 3200 XIV,
407 3136 442 3200 43
474 3136 601 3193 faidosus
631 3155 730 3212 paoem
750 3136 855 3193 habeat
875 3136 912 3193 ad
932 3136 1071 3212 placitum
1091 3135 1186 3193 euudu

124 3235 177 3283 ete.
199 3225 289 3283 Add.
310 3225 336 3290 I,
359 3224 385 3281 l.

83 3314 296 3391 plagium:
327 3313 368 3371 tte
388 3315 486 3392 plagio
505 3313 586 3381 XXI,
606 3319 700 3374 inser.
724 3316 771 3389 Of.
791 3317 925 3374 vendere.

83 3405 248 3480 pollere
279 3406 311 3477 a)
341 3405 366 3460 si
384 3406 450 3479 quis
470 3404 604 3481 pollicem
624 3404 777 3461 absciderit
797 3404 892 3469 XXII.
909 3403 957 3460 28.
978 3402 1066 3462 Adel.
1088 3403 1128 3469 ΙΙ,
1148 3406 1187 3468 ὅς

122 3494 146 3550 si
166 3495 271 3551 humor
289 3495 377 3550 fuerit
396 3495 427 3550 iu
447 3493 559 3570 pollicis
578 3494 694 3550 articuli
714 3493 840 3569 (brachii
859 3505 887 3550 et
907 3494 1029 3570 pellicis)
1052 3496 1188 3552 iunctura

123 3585 216 3649 XXII,
246 3584 293 3644 4Ι.
323 3584 378 3650 43;
410 3586 515 3642 vulnus
545 3594 686 3659 quantum
718 3585 794 3642 iuter
826 3585 960 3661 pellicem
979 3595 1007 3641 et
1026 3580 1190 3659 complicati

122 3672 225 3732 indicis
246 3675 348 3750 (medii
367 3676 462 3752 digiti)
482 3675 637 3732 articulum
657 3674 755 3740 XXII,
775 3673 821 3732 66.
842 3673 900 3741 673
919 3675 1026 3732 vulnus
1045 3693 1062 3729 a
1090 3674 1187 3730 cubito

123 3784 214 3840 usque
243 3765 281 3821 ed
311 3766 504 3823 summitatem
534 3765 645 3841 pollicis
676 3765 795 3841 longum
826 3765 922 3829 XXII,
953 3763 1000 3822 69.
1020 3762 1109 3820 Add.
1129 3762 1186 3828 ΙΙΙ,

124 3854 172 3911 54.
201 3852 260 3917 57,
288 3854 312 3910 si
342 3855 468 3912 adiectus
487 3855 574 3912 fuerit
593 3855 714 3913 inferior
733 3854 872 3911 articulus
891 3853 1002 3931 pollicis
1021 3851 1110 3910 Actu.
1131 3852 1189 3916 ΙΙΙ,

122 3942 171 4001 55.
202 3945 230 4018 b)
261 3946 285 4000 si
304 3945 438 4021 pollieem
463 3947 545 4022 pedis
564 3945 716 4002 absciderit
738 3943 832 4009 XXII,
852 3943 899 4005 63.
920 3945 1011 4004 Adri.
1031 3943 1089 4009 ΙΙΙ,
1109 3941 1136 4001 2.
1157 3942 1186 4002 3.

124 4031 172 4108 Gj.
193 4032 309 4110 digitus.

83 4122 293 4198 populusr
313 4123 481 4182 interfectus
498 4125 530 4181 in
550 4125 689 4182 seditione
708 4141 742 4182 ae
763 4127 847 4184 turbu
868 4125 968 4202 pupuli
987 4122 1069 4189 XIII,
1090 4124 1114 4182 1.
1138 4122 1186 4200 Os.

121 4212 259 4270 occidere.

84 4319 266 4382 pereusr
285 4301 338 4369 IV,
357 4301 384 4360 2.
409 4301 455 4374 Of.
477 4303 595 4360 animal.
