3098 5176
335 405 427 454 xv111
738 405 808 451 Lux
828 402 1031 451 rals10nun.

338 631 404 696 quo
428 629 574 673 sermone
597 606 748 694 Anglico,
772 629 875 671 sermo
898 606 1023 673 Frisiae
1046 606 1170 673 mediae
1185 629 1258 673 oum
1275 631 1323 688 eo,
1339 629 1438 694 quem

337 714 474 800 legimus
505 713 538 779 in
563 712 759 779 documentis
783 713 837 777 vel
860 712 949 777 libris
973 713 1114 799 antiquis
1137 712 1303 779 Saxonum
1325 713 1439 780 West-

337 820 521 896 falensium3
557 817 694 882 sermoni
725 830 834 882 antem
865 818 1035 904 utriusque
1059 829 1164 884 terrae
1187 818 1311 884 Frisieo
1336 841 1439 906 oppo-

337 924 462 991 nendus
494 938 541 989 est
573 946 676 989 sermo
708 922 851 988 Frisicus
881 924 1127 989 occidentalium
1154 923 1354 1004 Frisionum,
1380 924 1438 1010 qui

338 1030 468 1118 quidem
500 1051 575 1094 cum
605 1029 733 1115 lingua,
765 1051 862 1114 quam
893 1028 1004 1094 dicunt
1037 1029 1164 1094 saeculo
1192 1029 1438 1095 tertiodecimo

316 1135 576 1214 ¹Brabantinam,
600 1134 789 1220 cognatione
812 1133 949 1219 quadem
974 1135 1155 1202 continetur
1172 1140 1214 1201 2².

384 1237 539 1306 Sermone
570 1250 603 1304 et
637 1239 708 1304 iure
743 1238 833 1303 nobis
868 1238 986 1305 tradito
1022 1240 1165 1328 singulos
1201 1237 1439 1306 Germanorum

337 1346 473 1434 populos
504 1344 601 1410 medii
632 1345 703 1409 aevi
731 1345 866 1410 maxime
890 1345 1116 1426 discernimus,
1152 1368 1258 1432 neque
1281 1347 1314 1410 in
1339 1344 1439 1411 dubie

337 1453 519 1538 relinquere
543 1450 638 1516 velim
663 1450 806 1516 homines
828 1455 915 1537 ipsos
938 1450 1079 1518 Frisieos
1102 1462 1167 1518 tres
1191 1462 1299 1539 partes
1314 1450 1440 1517 Frisiae

338 1569 417 1623 tunc
443 1557 639 1636 habitantes,
671 1579 810 1642 quorum
834 1579 937 1622 semro
961 1567 994 1621 et
1016 1558 1066 1622 ius
1090 1556 1184 1623 modo
1209 1557 1294 1622 dieto
1319 1556 1441 1624 disere*

337 1664 437 1750 pavit,
460 1663 564 1727 animo
590 1673 623 1727 et
645 1685 779 1749 corpore
803 1662 841 1727 et'
859 1662 943 1727 omni
966 1686 1087 1750 genere
1111 1663 1242 1729 vivendi
1265 1661 1440 1742 Frisioues,

337 1791 444 1854 neque
467 1778 574 1833 tamen
598 1769 726 1833 omnino
751 1766 850 1833 fuisse
874 1766 1004 1833 eosdem
1022 1773 1064 1848 2³,
1089 1779 1121 1834 et
1145 1769 1229 1835 hanc
1252 1771 1292 1836 ob
1309 1793 1441 1836 causam

338 1885 482 1961 tempore
514 1873 732 1959 antiquissimo
764 1873 892 1938 nomina
924 1872 1050 1938 diversa
1074 1874 1231 1940 habuisse.
1279 1876 1441 1962 Tempore

337 1981 556 2046 Romanorum
586 1978 750 2043 Frisiones
779 1977 863 2042 inter
893 1977 947 2042 Fli
979 1987 1012 2043 et
1041 1977 1210 2045 Laubaehi
1241 1982 1440 2060 habitantes,

339 2095 376 2151 ut
399 2086 554 2151 hodierno
579 2084 640 2161 die,
663 2082 825 2148 Frisiones
849 2083 1061 2162 vocabantnr3
1084 2074 1248 2151 Frisiones
1272 2088 1442 2155 orientales

339 2213 454 2255 nomen
487 2185 693 2255 Chaucorum
725 2189 882 2253 minorum
913 2189 1114 2269 habuerunt,
1147 2202 1178 2257 et
1202 2189 1364 2257 Frisiones
1387 2215 1443 2258 oe-

340 2294 514 2362 cidentales
537 2294 684 2381 pluribus
708 2293 889 2359 nominibus
913 2305 1003 2359 erant
1027 2295 1168 2361 distincti
1175 2322 1184 2376 ;
1206 2296 1333 2363 Plinius
1358 2299 1443 2363 enim

338 2400 455 2479 refert,
488 2399 607 2465 insulas
630 2398 826 2478 Frisiorum,
852 2395 1076 2478 Chaucorum,
1099 2399 1341 2483 Frisiabonum,
1365 2401 1445 2469 Stu-

339 2509 471 2584 riorum‚
488 2505 722 2582 Marsacorum,
749 2505 834 2570 inter
857 2503 989 2569 Helium
1013 2503 1217 2596 (Vahaliml)
1242 2530 1280 2573 ae
1303 2507 1445 2575 Flevum

340 2612 449 2677 sterni.
496 2609 595 2675 Fines
619 2608 802 2673 Frisionum
827 2607 1069 2675 occidentalium
1094 2613 1199 2678 medio
1216 2637 1296 2681 aevo
1312 2637 1332 2679 a
1347 2613 1446 2682 Mosa

340 2739 445 2803 usque
476 2715 518 2780 ad
549 2714 684 2780 fiuvium
716 2711 840 2780 sinkfal
865 2725 956 2780 erant
979 2717 1134 2802 promoti3
1166 2742 1272 2805 neque
1295 2717 1446 2803 Amasis,

342 2833 380 2887 ut
403 2831 541 2888 testatur
564 2819 780 2898 Ptolemaeus,
805 2819 862 2884 sed
885 2819 1004 2885 flumen
1027 2820 1205 2902 Lanbachi,
1229 2847 1285 2890 sex
1308 2827 1447 2894 miliaria

343 2929 376 2992 in
408 2925 603 2991 occidentem
635 2947 748 2990 versus
772 2925 812 2990 ab
836 2925 949 2990 Amasi
972 2911 1148 3007 reuiotum,
1179 2930 1347 3016 separabat
1370 2931 1448 2998 Fri·

345 3033 450 3097 siones
473 3028 595 3095 medios
619 3040 652 3095 et
677 3027 843 3108 Chaucos,
870 3028 903 3094 id
927 3040 976 3096 est
1001 3029 1117 3118 Hugas
1141 3033 1192 3098 vel
1217 3034 1326 3122 Huga,
1349 3040 1447 3106 utin

346 3159 491 3205 sermone
514 3133 775 3221 Auglosaxonico
799 3145 832 3199 et
854 3134 978 3200 Frisico
1002 3137 1197 3218 scribuntur,
1226 3163 1364 3226 quorum
1388 3168 1449 3230 pa-

347 3267 426 3332 gum
461 3241 658 3308 terminalem
694 3240 917 3332 Hug·merke,
953 3243 986 3306 in
1022 3242 1093 3329 ripa
1127 3246 1273 3313 orientali
1306 3247 1448 3317 fluminis

333 3388 487 3405 Μ

381 3490 413 3534 22
448 3481 638 3531 Documentum
670 3477 875 3540 antiquissimum
901 3479 1043 3542 sermonis,
1070 3496 1121 3545 quo
1147 3486 1285 3537 utebantur
1313 3489 1448 3544 Frisiones

346 3563 535 3623 occidentales,
560 3573 679 3610 censeam
704 3572 761 3608 esse
784 3560 863 3609 verba
888 3558 1058 3623 Germanica,
1086 3576 1152 3625 quae
1177 3566 1204 3615 in
1221 3567 1280 3631 lege
1297 3570 1448 3625 Frisionum

345 3647 421 3696 nobis
439 3648 592 3702 occurruut3
611 3640 671 3689 ride
698 3653 766 3702 quae
784 3640 816 3687 ad
834 3639 900 3689 haec
917 3640 997 3689 verbu
1015 3641 1047 3691 de
1065 3656 1154 3693 eorum
1172 3644 1262 3696 formis
1280 3650 1403 3703 adnotavi
1421 3656 1448 3705 iu

343 3724 411 3790 legis
427 3723 574 3773 Frisiorum
592 3720 715 3770 editione.

381 3811 414 3854 23
449 3802 574 3852 Conscius
606 3798 687 3848 verba
719 3811 786 3860 quae
816 3798 937 3861 leguntur
962 3799 990 3848 in
1015 3799 1081 3850 Vite
1107 3800 1135 3853 S.
1160 3804 1291 3858 Bonifacii
1317 3825 1375 3876 cap.
1400 3820 1445 3865 et:

350 3882 417 3936 Gens
433 3881 567 3932 hieronem
583 3878 781 3928 interiacentibus
797 3877 870 3941 oquzh
887 3878 912 3927 in
930 3879 1015 3929 multos
1031 3898 1146 3947 syrorum
1163 3885 1283 3937 diuiditur
1297 3907 1377 3957 puyoa
1385 3928 1393 3953 ,
1413 3895 1449 3944 ita
1526 3913 1527 3919 ’

347 3975 373 4016 ut
397 3963 503 4014 diversis
529 3958 650 4026 appellati
666 3957 800 4007 nominihus
816 3957 891 4006 anius
909 3967 986 4010 tamen
1001 3962 1082 4027 uentis
1095 3966 1269 4030 proprietatem
1283 3973 1449 4036 protendant,

349 4047 422 4096 Mon.
448 4042 481 4093 G.
507 4039 555 4092 SS.
580 4039 619 4088 II.
645 4054 671 4103 p.
698 4041 764 4097 349,
790 4045 816 4089 et
842 4053 908 4102 quae
934 4041 997 4091 dicit
1014 4040 1086 4092 Saxo
1103 4048 1286 4108 grammaticus
1304 4051 1336 4101 de
1354 4053 1449 4105 Frisiis

347 4122 590 4190 septentrionalibus
613 4119 640 4168 in
665 4118 753 4167 littore
780 4118 888 4168 ducatus
912 4117 1102 4172 sleswicensis:
1128 4125 1171 4175 los
1196 4145 1213 4178 α
1230 4126 1362 4182 &saonam
1376 4144 1449 4199 qanto

347 4205 474 4266 conditos,
491 4200 594 4252 neminis
612 4207 634 4248 ct
651 4198 749 4263 linquae
765 4199 870 4249 societas
887 4199 1020 4250 taetriuenr'o
1038 4211 1082 4254 eet.
