3020 5174
478 467 548 517 nux
570 467 779 518 rnrsrouuu.
1134 454 1175 516 13

73 717 94 752 „
122 670 296 757 redemisti,
321 698 381 742 nec
406 697 466 763 ego
491 686 524 742 te
548 676 696 741 libertate
719 675 871 754 donavi;”
893 673 1085 762 respondeat
1107 673 1178 740 illex

73 827 94 858 „
124 779 195 846 Aut
226 793 263 847 tu
294 804 368 847 cum
400 781 595 848 iuratoribus
625 781 690 846 tuis
723 803 797 862 sex,
829 782 881 850 vel
913 781 1100 859 duodecim,
1125 781 1178 846 vel

74 931 96 964 „
124 887 256 974 viginti,
292 888 346 953 vel
383 887 477 953 etiam
510 887 536 952 si
559 887 693 976 triginta
718 886 825 953 dicere
850 887 1007 966 voluerit,
1038 909 1090 951 me
1119 886 1179 952 tibi

75 1038 95 1069 „
124 1004 321 1057 sacramento
358 1002 416 1057 tuo
447 993 488 1058 ad
520 994 709 1058 servitutem
740 993 894 1077 adquire,
927 1003 983 1058 aut
1015 1015 1065 1057 me
1103 1015 1177 1057 cum

75 1144 95 1176 „
124 1099 202 1163 meis
240 1097 437 1165 iuratoribus
475 1099 590 1177 tantis,
627 1099 680 1163 vel
715 1099 830 1177 tantis,
867 1099 906 1164 ab
930 1099 991 1162 hac
1019 1097 1178 1164 calumnia

76 1249 96 1280 ,‚
124 1204 260 1268 liberare
292 1203 467 1291 permitte.'’
514 1201 550 1270 Si
582 1204 654 1284 ille,
687 1204 743 1290 qui
776 1205 923 1270 dominus
951 1206 1020 1270 eius
1055 1202 1176 1284 fuerat,

75 1329 150 1374 cum
182 1309 315 1375 totidem
348 1310 546 1388 hominibus,
583 1319 663 1396 quot
676 1315 708 1360 ⁹³
742 1311 771 1375 ei
802 1310 956 1397 propositi
982 1319 1065 1389 sunt,
1089 1310 1177 1375 iura·

74 1437 112 1478 re
150 1414 240 1494 velit,
277 1419 447 1502 conquirat
478 1439 551 1481 eum
583 1417 643 1482 sibi
675 1416 717 1481 ad
748 1417 954 1495 servitutem3
979 1417 1027 1481 sin
1052 1427 1176 1496 autem,

72 1520 162 1584 iuret
193 1520 290 1601 alter,
330 1532 363 1587 et
400 1523 432 1586 in
464 1521 612 1587 libertate
639 1531 832 1608 permaneat.
881 1521 962 1608 (111.)
1009 1520 1044 1587 Si
1057 1525 1089 1569 94
1121 1530 1178 1585 aut

74 1627 306 1706 calumniator,
337 1638 394 1692 aut
416 1626 470 1692 ille
494 1628 546 1691 cui
571 1626 731 1692 calumnia
753 1628 896 1716 irrogata
920 1638 982 1704 est,
1016 1649 1050 1692 se
1075 1627 1177 1692 solum

76 1730 119 1795 ad
143 1734 333 1798 sacramenti
356 1733 544 1819 mysterium
569 1731 797 1818 perficiendum
822 1732 1008 1819 protulerit,
1033 1742 1065 1797 et
1088 1732 1180 1797 dixe·

75 1838 138 1901 rit:
187 1883 207 1916 ‚,
233 1837 305 1926 Ego
338 1838 423 1904 solus
447 1839 554 1904 iurare
579 1839 670 1918 volo,
694 1849 740 1917 tu,
766 1839 792 1903 si
816 1837 933 1918 audes,
959 1861 1051 1927 nega
1075 1860 1179 1903 sacra·

77 1989 99 2021 ,‚
126 1954 268 2007 mentum
307 1967 432 2022 meum,
474 1954 506 2009 et
546 1943 641 2008 armis
677 1967 803 2010 mecum
839 1944 996 2010 contende
1004 1944 1030 2022 ;'’
1061 1944 1180 2010 faciant

75 2049 174 2112 etiam
198 2048 296 2128 illud,
320 2050 346 2114 si
370 2050 431 2114 hoc
455 2051 500 2114 eis
523 2050 568 2114 ita
592 2049 767 2137 placuerit:
801 2051 886 2115 iuret
910 2073 1010 2129 unus,
1037 2061 1069 2115 et
1098 2051 1179 2116 alius

75 2164 194 2241 neget,
226 2165 258 2219 et
289 2155 321 2218 in
354 2178 502 2243 campum
527 2165 653 2221 exeant.
700 2155 774 2221 Hoc
799 2167 831 2221 et
855 2156 1013 2243 superiori
1037 2155 1179 2245 capitulo

76 2261 288 2325 constitutum
301 2305 302 2308 =
314 2272 362 2326 est
381 2265 422 2325 95.

471 2616 500 2680 Τ
525 2616 543 2682 1
567 2615 607 2682 r.
653 2615 784 2700 uua

404 2812 453 2860 DE
477 2811 633 2861 DELIOTO
658 2809 862 2860 saevom.

629 2992 653 3038 1.

129 3080 167 3150 Si
198 3103 311 3148 servus
342 3104 409 3146 rem
441 3102 589 3168 magnam
614 3079 790 3165 quamlibet
813 3079 937 3145 furasse
961 3079 1105 3162 dicatur,
1129 3081 1182 3148 vel

77 3211 198 3254 noxam
233 3187 387 3274 grandem
423 3197 642 3273 perpetrasse,
683 3183 829 3250 domiuus
865 3187 935 3251 eius
969 3186 1002 3250 in
1038 3188 1184 3273 reliquiis

79 3305 266 3360 sanctonum
301 3315 360 3380 pro
396 3293 457 3357 hac
492 3315 528 3356 re
563 3292 671 3356 iurare
703 3291 818 3368 debet;
868 3295 936 3381 (11.)
986 3292 1011 3356 si
1037 3315 1112 3360 vero
1141 3293 1182 3359 de

78 3400 257 3466 minoribus
288 3397 383 3464 furtis
417 3409 449 3462 et
472 3399 563 3463 noxis
588 3419 607 3461 e
631 3417 725 3462 servo
748 3397 940 3482 perpetratis
963 3395 1061 3464 fuerit
1084 3400 1184 3464 inter·

78 3506 239 3594 peilatus,
264 3506 298 3570 in
321 3504 509 3571 vestimento
533 3503 587 3568 vel
610 3503 747 3589 pecunia
760 3504 792 3552 9⁷
826 3503 940 3568 iurare
956 3503 1086 3588 poterit.
