3098 5176
535 453 607 507 unx
627 451 836 508 salmonum.
1135 444 1237 502 xxxv

120 689 190 732 eum
225 669 333 732 aonias.
432 663 520 735 Haeo
556 669 728 734 constitutio
766 691 801 734 aa
837 672 935 736 edicto
967 675 1048 760 reaia
1070 672 1230 759 prooessit.

123 773 225 837 [liaris
263 774 408 841 Laudari
446 776 480 839 ia
511 777 645 862 fredam
684 776 788 840 aoeies
828 790 996 862 componat
1035 777 1229 866 aeraqiidam

117 901 219 950 raam.

212 980 260 1046 tit.
283 981 368 1048 XX.
393 984 433 1048 22
457 983 496 1050 Si
519 986 588 1072 quis
612 984 765 1050 homiaem
788 988 935 1056 oooidorit
958 1001 987 1054 et
1010 989 1224 1064 absconderit,

118 1089 202 1174 quod
222 1089 407 1154 mordritum
431 1103 555 1170 ooaaat,
579 1112 686 1156 novem
708 1091 889 1177 aereaiidos
913 1107 1083 1180 componat.

212 1192 260 1258 tit.
290 1192 384 1273 XX,
420 1194 458 1259 1:
490 1195 553 1277 Qui
576 1195 709 1260 obsidem
733 1197 899 1277 occiderit,
922 1199 1026 1264 novies
1052 1221 1120 1264 eom
1142 1219 1225 1282 rome

110 1310 221 1385 ponat.
686 1283 687 1288 ἵ

210 1405 260 1470 tit·
290 1404 419 1484 XVII,
451 1407 491 1472 3:
522 1406 562 1472 Si
592 1408 660 1492 qais
693 1407 825 1493 leyatam
856 1411 936 1495 roais
960 1409 1009 1475 ool
1032 1410 1118 1472 daoia
1143 1410 1224 1474 oroi·

117 1512 217 1589 drrit,
247 1515 350 1578 nonies
383 1512 475 1577 iiiam
507 1523 688 1598 componat,
712 1526 739 1578 or
751 1515 884 1600 fredam
906 1516 1009 1580 novies
1032 1517 1077 1580 ad
1095 1526 1223 1600 pariam

115 1617 316 1682 dominicam.
365 1681 367 1685 ,
851 1607 853 1610 ’

211 1723 259 1788 tit.
291 1720 420 1802 XVII,
454 1724 492 1786 2:
523 1722 586 1804 Qai
609 1725 643 1786 ia
667 1736 750 1789 rorte
775 1726 880 1802 doris,
904 1727 938 1788 ia
962 1724 1089 1810 ecelesia
1114 1727 1224 1790 autin

114 1830 199 1893 atrio
234 1828 377 1894 eeclesiae
411 1829 564 1894 homiaem
600 1829 758 1906 occiderit,
790 1831 893 1894 novies
924 1829 1126 1916 aareqddam
1157 1833 1222 1898 eiua

114 1947 292 2019 componat,
316 1947 343 1999 et
365 1935 468 2000 aonias
481 1935 613 2020 fredam
638 1934 682 1996 ad
697 1946 823 2020 partem
847 1935 1044 2000 dominicam.

209 2039 256 2102 tit.
288 2038 420 2118 XVII,
456 2039 492 2110 1:
524 2039 564 2104 Si
590 2041 658 2123 quis
682 2040 716 2103 ia
742 2042 875 2106 aaaroitu
899 2041 985 2107 litem
1008 2042 1220 2109 concitaverit,

112 2145 216 2210 novies
248 2148 397 2210 dammam
429 2146 514 2230 qaod
537 2145 633 2230 effecit
656 2165 834 2230 componere
858 2156 999 2232 coeatur,
1023 2159 1051 2212 at
1075 2148 1120 2211 ad
1138 2169 1221 2232 por

113 2262 175 2314 tem
198 2250 385 2314 dominicam
408 2251 511 2315 aonios
526 2250 657 2336 fredam
674 2250 844 2335 persolvat.

210 2353 310 2442 [Add.
340 2354 376 2432 1,
408 2357 439 2419 2.
471 2355 510 2420 3:
548 2356 653 2420 Homo
674 2356 824 2436 faidosus
842 2379 956 2441 paoem
979 2357 1091 2424 habeat
1112 2358 1147 2421 in
1171 2379 1218 2422 eo·

113 2459 227 2538 alesia,
258 2463 292 2525 io
324 2463 413 2526 domo
444 2484 521 2540 saa,
552 2461 596 2525 ad
626 2460 782 2526 ecelesiam
816 2461 930 2540 modo,
955 2464 994 2528 de
1018 2461 1144 2528 eeclesia
1167 2483 1218 2527 re·

112 2568 254 2644 denudo,
279 2568 324 2630 ad
345 2566 495 2653 placitam
520 2567 636 2645 eundo,
659 2567 697 2632 de
715 2565 838 2650 plaoito
862 2567 1037 2646 rodmado;
1062 2567 1117 2652 qai
1138 2568 1218 2632 liano

107 2695 221 2758 paoem
253 2674 421 2758 effroyerit,
454 2683 481 2736 et
511 2673 663 2736 homiuem
693 2673 859 2750 occiderit,
889 2674 993 2738 aonias
1025 2672 1069 2737 30
1101 2672 1217 2737 solidos

111 2789 295 2863 omnponat;
328 2779 357 2841 si
388 2778 612 2854 minoraverit,
643 2778 747 2842 aonias
782 2777 824 2842 12
848 2776 967 2842 solidos
991 2790 1151 2862 omapoaar
1175 2779 1219 2841 ad

104 2894 233 2970 partem
255 2883 359 2969 reaia]

161 3089 284 3158 Omnes
314 3092 349 3157 hi
374 3091 454 3172 loci,
478 3092 536 3179 qni
560 3103 809 3159 commemorant
831 3090 1049 3180 weregeldum
1073 3092 1127 3158 vel
1149 3092 1214 3158 fre·

111 3197 191 3263 dum
229 3197 341 3263 novies
380 3207 562 3283 sumptum,
601 3197 763 3284 pertinent
804 3197 846 3264 ad
885 3196 1023 3264 Frisium
1058 3196 1214 3278 mediam3
1304 3227 1328 3262 a.

110 3313 250 3370 testante
281 3313 389 3368 autem
417 3302 512 3368 titulo
535 3301 608 3371 VH
629 3303 663 3367 in
688 3302 793 3368 Frisia
817 3303 912 3370 etiam
936 3303 1083 3369 orientali
1098 3307 1214 3392 fredus

109 3411 214 3475 aoeies
254 3419 401 3495 sumptus
440 3409 520 3473 iuris
560 3418 637 3474 erat.
684 3407 725 3473 In
765 3408 861 3474 titulo
901 3407 991 3488 VII,
1027 3412 1213 3500 compositio

109 3515 222 3580 novies
253 3513 425 3593 sumenda,
456 3513 522 3601 legi
548 3514 787 3600 antiquissimae
811 3512 994 3580 Frisionum
1019 3515 1140 3594 aliena,
1164 3517 1214 3580 in·

109 3618 260 3685 traducta
291 3629 362 3685 erat
401 3619 507 3686 edicto
548 3617 688 3705 quodam
719 3617 847 3704 speciali
878 3619 964 3706 regis
993 3617 1212 3701 Francorum,

108 3721 220 3791 addita
249 3725 332 3790 enim
361 3734 436 3791 snnt
465 3723 507 3788 ad
536 3723 667 3789 titulum
691 3721 763 3789 VH
786 3722 902 3788 verba:
926 3723 1016 3790 Haeo
1040 3725 1211 3791 constitutio

108 3853 146 3897 aa
177 3832 274 3898 odiam
305 3833 387 3918 reaia
406 3831 565 3918 prooessit.
614 3825 757 3895 Credere
780 3829 878 3894 velim
902 3850 975 3894 cum
999 3831 1070 3894 viro
1094 3829 1212 3896 doctis·

108 3937 189 4002 simo
224 3932 356 4015 wilda,
391 3932 572 4002 Strafrecht
607 3932 665 4000 der
701 3932 888 4002 Germanen
923 3957 954 4021 p.
991 3933 1078 4012 458,
1106 3937 1223 4002 omnia

107 4040 290 4128 weregelda
320 4041 375 4107 vel
404 4038 496 4106 freda
527 4039 638 4106 novies
670 4037 842 4119 sumenda,
866 4061 950 4126 quae
979 4053 1154 4106 occurrunt
1177 4043 1211 4108 in

107 4146 190 4236 legis
220 4145 404 4214 Frisionum
434 4145 513 4213 locis
544 4145 700 4224 laudatis,
730 4146 765 4211 in
796 4143 902 4210 Frisia
933 4165 1002 4210 esse
1029 4145 1213 4213 introducta

107 4252 215 4320 edicto
239 4251 294 4318 illo
327 4251 415 4339 quod
448 4251 543 4318 titulo
575 4248 647 4318 VII
671 4251 751 4338 legis
776 4250 927 4316 nominas
974 4249 1091 4338 Neque
1115 4251 1211 4318 dubi·
